4772 6126
85 421 134 482 189
829 405 1043 476 ANNALES
1068 411 1289 477 1541-1542.
1998 415 2062 478 290

84 604 117 668 de
134 601 240 666 loeson.
284 595 402 664 Denen
422 617 489 662 von
510 596 623 662 Loson
645 596 785 662 Vireti
812 617 927 681 wegen
955 617 1032 663 eeu·
1084 596 1167 664 hont
1187 604 1273 662 estes
1294 597 1437 681 eorriges
1458 605 1493 663 et
1514 605 1616 664 event
1636 597 1705 682 quil
1726 604 1843 682 soyont
1853 617 1928 682 mys
1949 599 2061 665 nlim·

83 709 125 754 ese
148 703 302 770 exponere
328 682 416 766 quod
441 691 583 766 urgeant
611 691 649 747 ut
670 683 846 748 Viretus
874 684 1032 749 Genevee
1084 683 1249 766 prymerie
1269 682 1413 748 Resolnn
1434 703 1498 766 que
1519 704 1561 749 on
1579 705 1648 769 ung
1659 683 1791 768 oonseyl
1802 683 2062 752 extraordineirs

82 771 192 858 pressit
235 767 376 848 (Bm
397 768 671 847 Ratlsernonuolo.)
1084 767 1237 834 lesdiotes
1258 768 1485 835 ordonnonoes
1506 777 1623 854 noyent
1643 769 1771 836 vehues
1792 769 1871 834 nffin
1899 791 1962 854 que
1982 770 2061 838 telle

1084 860 1181 935 quest
1201 874 1296 936 pesse
1318 875 1379 938 per
1400 855 1431 920 le
1452 855 1588 939 general
1614 877 1656 922 no
1682 863 1757 940 soyt
1784 855 1921 940 ohenge.
1966 855 2060 941 (Req.

149 977 188 990 -
207 941 377 1006 Assistens
399 947 457 1005 eut
477 939 688 1024 oonsietoyre.
716 937 784 1006 Sur
804 960 841 1006 ee
862 937 931 1024 quil
952 938 1033 1004 hont
1083 939 1128 1004 du
1152 937 1284 1006 Gemoll.
1314 939 1379 1005 Vol.
1404 944 1454 1005 35.
1475 940 1529 1022 sol.
1552 945 1642 1018 449.)

81 1033 153 1114 leyot
171 1047 305 1110 exposer
327 1046 429 1111 voyer
449 1025 540 1110 qnelt
567 1047 651 1110 gage
679 1025 705 1090 il
732 1023 861 1110 doybge
887 1023 1033 1110 havoyer

81 1135 147 1200 pour
165 1113 232 1178 leur
252 1111 394 1194 poienno
422 1109 463 1176 de
490 1111 563 1177 leur
590 1112 783 1178 nesietnnoe:
812 1109 939 1177 resolun
968 1130 1032 1192 qne
1171 1148 1211 1158 -
1235 1110 1340 1176 Lettro
1361 1113 1399 1178 de
1418 1110 1557 1178 Oalvtn
1577 1112 1599 1176 ὰ
1617 1111 1747 1177 Feret
1767 1113 1850 1178 dorse
1866 1112 2002 1194 loffatre
2022 1113 2060 1178 de

81 1203 220 1284 ilsoyont
240 1197 365 1282 lnyotes
386 1197 495 1263 audite
516 1219 574 1263 sue
596 1197 644 1263 les
661 1197 819 1280 poiennes
842 1195 901 1262 des
928 1195 1031 1260 delin·
1086 1194 1365 1276 Geaponnoao
1381 1219 1423 1261 en
1445 1197 1583 1280 lequelle
1601 1198 1640 1262 fit
1656 1206 1754 1262 norro
1771 1196 2060 1280 deloresoription

80 1305 165 1370 quone
190 1293 223 1349 ot
249 1283 362 1349 ieellee
391 1293 508 1367 seyent
534 1303 685 1350 renovree
714 1303 775 1366 per
802 1283 834 1347 lo
860 1281 1032 1347 tressorier
1084 1280 1125 1346 de
1148 1279 1435 1363 Ohaponneeu
1456 1284 1512 1365 qni
1534 1283 1699 1348 oontonoit
1729 1283 1897 1349 lfeuilles
1918 1284 2060 1351 entiores

80 1381 106 1437 et
126 1371 214 1436 misen
242 1368 325 1434 dans
354 1389 419 1433 une
446 1369 487 1434 bo
512 1375 545 1433 te
576 1378 610 1434 et
643 1367 736 1434 dudit
767 1376 884 1448 argent
915 1374 1032 1452 soyent
1084 1368 1141 1449 qui
1163 1389 1199 1432 se
1216 1368 1285 1432 voit
1302 1389 1418 1434 enoore
1436 1367 1643 1452 aujourdhni‚
1665 1376 1699 1433 et
1716 1366 1848 1452 indique
1865 1369 1914 1434 les
1932 1370 2060 1436 raisons

79 1477 146 1542 poyo
165 1477 198 1520 se
220 1475 290 1540 ung
311 1454 455 1520 ohesonn
500 1454 632 1538 yoieulx
654 1455 847 1538 2solnpour
865 1455 941 1538 jour
963 1451 1032 1535 quil
1083 1473 1167 1536 pour
1194 1453 1365 1535 lesquelles
1400 1454 1523 1519 n'avoit
1552 1453 1672 1536 dnigno
1703 1453 1759 1540 luy
1794 1453 1971 1538 respondre
2007 1460 2059 1520 eto.

79 1543 209 1608 assistent
239 1550 273 1606 et
301 1541 409 1606 oultre
438 1561 475 1605 oe
505 1541 535 1604 le
561 1547 747 1624 sseretoyre
774 1561 811 1606 oe
840 1539 927 1605 fasse
948 1559 1031 1622 poye
1083 1538 1211 1617 (Porrot
1239 1538 1297 1604 Ve'e
1323 1539 1361 1604 de
1380 1539 1420 1606 F.
1445 1539 1517 1606 MS.
1544 1541 1583 1606 de
1606 1539 1723 1606 Nosce.
1748 1544 1857 1622 1265.
1889 1541 1928 1606 de
1955 1539 2061 1606 Beroe

79 1629 123 1694 des
140 1629 341 1712 esoriptures.
384 1625 476 1710 (Κεφ.
498 1626 543 1692 du
566 1625 696 1693 comet.
718 1625 772 1708 fol.
790 1629 854 1691 430
870 1630 915 1703 o.)
1076 1645 1112 1706 p.
1136 1629 1177 1689 94
1195 1623 1291 1702 suiv.)

78 1799 159 1854 lludl
175 1799 214 1852 13.
1081 1794 1235 1851 Moreretli
1251 1797 1281 1850 4.

146 1885 205 1950 les
226 1883 306 1948 otoo
326 1883 365 1948 do
386 1883 419 1947 lo
436 1881 703 1948 nassonem
719 1881 1030 1947 detondentl'intro-
1171 1881 1321 1946 Notwelle
1348 1881 1512 1946 morte
1540 1882 1584 1946 du
1614 1882 1737 1948 Oonseil
1769 1884 1808 1950 de
1830 1882 1998 1950 Neuoteitel
2025 1903 2062 1949 en

78 1972 179 2036 lecton
199 1971 238 2036 de
259 1969 424 2052 Pe‘vaoys'le
444 1969 466 2032 ὰ
488 1967 720 2034 Fordinnnd
743 1967 783 2032 Ir.
1080 1968 1195 2049 foverer
1216 1968 1254 2032 de
1267 1966 1373 2032 Feret.
1403 1965 1541 2050 (Porrot.
1571 1967 1629 2032 Vie
1650 1969 1687 2034 de
1710 1967 1748 2034 F.
1761 1968 1835 2036 MS.
1852 1990 1889 2051 p.
1903 1973 1943 2033 63
1965 1974 2062 2049 (91).)

79 2139 210 2196 vendredl
228 2141 274 2195 23.
1083 2137 1209 2193 Semedl
1227 2140 1270 2194 14.

144 2229 268 2294 Pouroe
278 2247 341 2310 que
352 2224 452 2309 illynn
463 2224 628 2308 plusieurs
639 2243 703 2306 quo
711 2229 786 2288 sont
796 2220 1033 2307 desobeyssent
1172 2223 1307 2290 Gontitt'a
1330 2223 1506 2305 Spem.

78 2335 105 2379 oe
122 2315 218 2398 oboyr
239 2321 299 2378 snt
318 2311 521 2395 eonsietoyre
542 2330 579 2374 on
602 2319 670 2375 esto
692 2307 804 2374 odvise
832 2330 896 2392 que
924 2309 1033 2374 oienlx

78 2399 238 2482 lesquienlx
267 2407 380 2463 serent
414 2392 574 2460 demende
601 2417 621 2460 a
655 2414 850 2479 oomperoyr
879 2403 913 2459 et
938 2395 962 2458 il
991 2417 1033 2460 ne
1084 2393 1187 2449 Mardi
1205 2396 1246 2449 17·

77 2485 206 2570 obeysso:
228 2482 355 2550 resolun
377 2503 440 2565 que
469 2482 519 2546 lon
544 2481 686 2546 relation
713 2477 754 2545 de
782 2480 833 2545 len
860 2481 1033 2546 remission
1173 2481 1223 2545 M·
1246 2479 1400 2546 Calvin
1434 2489 1468 2546 et
1487 2483 1537 2548 Me
1571 2481 1712 2568 Vyret
1757 2482 1948 2567 Irosquenlx
1981 2485 2063 2550 hont

77 2581 100 2634 et
118 2579 314 2636 oontenenoe
335 2575 411 2652 soyt
440 2568 548 2653 feyote
582 2587 623 2632 sn
653 2565 786 2648 oonseyl
815 2573 849 2630 et
877 2565 1033 2650 advertyr
1086 2585 1208 2649 exposo
1229 2573 1394 2631 comment
1416 2567 1467 2633 11ο
1488 2567 1616 2633 narsi
1645 2589 1682 2633 sn
1704 2575 1774 2634 esto
1797 2569 1919 2635 blesme
1949 2588 2009 2652 pnr
2030 2569 2062 2636 le

77 2655 120 2720 des
138 2655 262 2741 deslyet
284 2653 527 2738 etsurioyeulx
550 2653 606 2717 lon
617 2671 756 2736 pourrnn
769 2651 836 2716 fere
844 2653 1031 2736 jugement:
1086 2649 1124 2718 Sr
1146 2651 1386 2735 dePrengin
1408 2673 1617 2734 gouverneur
1640 2654 1965 2720 ‹loNeufnohnetelet
1982 2655 2062 2720 affin

77 2743 231 2824 tonteffoys
253 2739 411 2824 doybjent
430 2747 529 2823 tenyr
550 2739 661 2821 prison
685 2757 767 2821 pour
790 2739 838 2803 loe
859 2736 1031 2822 desobeys·
1086 2757 1148 2818 que
1170 2737 1224 2801 lon
1247 2756 1454 2820 oongnoysse
1475 2738 1590 2803 losdite
1611 2737 1753 2804 bloemos
1780 2761 1847 2804 non
1868 2751 1955 2806 estre
1976 2741 2062 2806 veri·

77 2849 165 2894 sonos.
208 2827 298 2912 (Req.
319 2826 342 2908 s.
365 2829 451 2902 442.)
1086 2822 1191 2888 tables
1203 2821 1286 2886 hont
1296 2823 1384 2904 prior
1406 2822 1430 2886 il
1449 2823 1737 2908 volloyerenvoye
1758 2845 1918 2908 gensnux
1929 2826 2062 2910 oonseyl

1086 2908 1127 2972 de
1147 2907 1390 2988 Neulzohastel
1413 2909 1460 2975 les
1482 2908 1661 2976 eertilfient
1681 2931 1745 2993 que
1765 2909 1846 2976 ledit
1867 2910 1989 2978 Fon-el
2011 2920 2062 2977 est

78 2997 214 3054 vrndrodi
231 2999 279 3052 30.
1086 2993 1218 3058 homme
1240 2992 1281 3058 do
1303 2994 1390 3060 Dieu
1413 3004 1446 3060 et
1473 3015 1534 3059 nen
1562 2997 1654 3078 point
1682 3005 1750 3062 este
1778 2995 1949 3064 desohesse
1978 3018 2063 3081 pour

148 3084 330 3150 Bernard
363 3083 440 3164 effre
471 3101 510 3146 sa
536 3081 705 3147 annosiore
738 3099 857 3163 pouree
884 3100 947 3162 que
974 3099 1034 3161 per
1085 3078 1323 3156 mssohenoote‚
1346 3087 1380 3144 et
1401 3080 1480 3146 affin
1509 3079 1550 3146 de
1576 3082 1645 3147 fere
1673 3081 1778 3149 olorre
1799 3083 1848 3148 len
1875 3081 1977 3150 boohe
2004 3090 2062 3150 eut

78 3185 217 3236 nventnre
244 3171 268 3234 il
296 3189 341 3234 no
368 3167 492 3252 porolle
522 3164 697 3251 eggreoble
724 3186 761 3230 nn
790 3186 860 3249 ung
888 3165 1033 3232 ohosoun
1086 3164 1359 3247 oellnmpnioteur
1380 3165 1438 3251 luy
1459 3186 1545 3232 envo
1571 3189 1589 3231 e
1617 3167 1734 3234 leotres
1750 3190 1834 3253 pour
1858 3177 1989 3236 reterns
2019 3191 2061 3234 en

79 3257 205 3322 combien
239 3255 309 3338 quil
347 3253 484 3337 presohe
521 3263 703 3337 purement.
758 3251 870 3318 sensis
899 3251 1034 3334 jeeqo’t
1087 3269 1147 3314 son
1169 3251 1348 3316 ministere.
1392 3251 1518 3318 Resolu
1540 3189 1581 3318 «19
1608 3254 1675 3320 lere
1703 3253 1827 3322 bonnes
1848 3255 2062 3323 instrnofions

78 3361 102 3406 co
118 3343 387 3424 qn’ilsoitponmm
407 3341 428 3404 ὰ
451 3339 484 3404 S.
511 3339 658 3418 amate·
674 3339 754 3420 puis
772 3337 798 3402 iz
818 3337 871 3402 tra
892 3337 914 3402 ὰ
935 3337 1035 3420 Juesy
1087 3343 1146 3400 eto.
1180 3346 1215 3402 et
1244 3349 1320 3420 soyt
1353 3357 1479 3422 envoye
1507 3339 1739 3406 nmbnsendour
1767 3362 1910 3424 eveoquo
1944 3342 2062 3408 leotrss

81 3429 142 3492 mit
163 3429 292 3512 Sotiyoy
312 3447 384 3492 avec
398 3425 535 3490 temon
550 3425 734 3492 traitoment.
768 3423 860 3508 (Req.
881 3423 977 3504 fitl‘l
990 3428 1034 3502 v.)
1086 3422 1178 3486 audit
1209 3422 1339 3488 Farel
1377 3443 1460 3506 pour
1497 3431 1670 3491 retourner
1709 3449 1751 3492 en
1784 3447 1845 3492 son
1882 3427 2060 3494 ministere.

1086 3507 1178 3592 (Req.
1200 3509 1245 3574 du
1265 3507 1396 3574 Gonoeil.
1428 3509 1493 3574 Vol.
1518 3514 1568 3576 35.
1586 3531 1670 3596 poye
1690 3518 1754 3577 460
1775 3519 1818 3590 o.)

152 3638 181 3648 -
206 3599 364 3666 Ordonne
386 3619 450 3681 que
471 3595 580 3662 oieulx
602 3595 671 3679 quil
694 3595 772 3660 hont
797 3597 894 3678 joyer
921 3615 941 3659 e
968 3595 1033 3660 lsr-

79 3697 142 3767 gent
160 3695 276 3770 soyent
296 3704 428 3770 pugnye
450 3684 560 3747 iouxto
582 3681 629 3746 les
652 3680 742 3764 loyes
764 3679 878 3760 (ibid).
1084 3677 1298 3734 1110401θῶ18-

1171 3764 1367 3830 Forellue
1388 3764 1531 3832 Bonam
1551 3768 1666 3833 citatur
1687 3770 1725 3834 de
1745 3771 1833 3834 novis
1854 3770 2059 3835 mationi-

78 3853 179 3911 Sonedi
195 3859 236 3912 31.
1084 3850 1141 3914 bue
1172 3871 1389 3932 responsurus.
1444 3851 1556 3932 (Aret.
1580 3852 1677 3920 Bere.
1709 3853 1829 3922 Wetsct
1851 3854 2061 3922 Mosiotuol.

147 3943 328 4009 Bueerus
360 3938 615 4007 Selestediensis
650 3937 794 4004 suooedit
823 3937 1031 4019 Gepitoni
1085 3934 1276 4020 Kircleltoser
1291 3958 1327 4017 p.
1350 3940 1419 4016 46.)

79 4027 254 4112 incapitulo
288 4025 474 4104 Thomu,
504 4033 621 4090 neotus
650 4025 888 4107 possessionem
915 4023 1031 4088 ultime

79 4112 143 4178 Deo.
167 4121 251 4180 1541.
298 4113 410 4188 (hiber
426 4111 677 4194 mammarum
698 4111 740 4175 ie
755 4109 851 4175 Aret.
878 4109 1029 4192 Thoos.
1081 4107 1250 4164 Dimonons
1268 4110 1315 4164 2⁰·

81 4201 115 4262 50
127 4209 164 4274 o.)
1168 4195 1215 4260 Le
1236 4195 1387 4277 differenti
1408 4196 1446 4260 de
1459 4196 1628 4262 Nestorem
1649 4199 1832 4262 morene
1853 4197 2059 4265 tl’honnenr

1082 4289 1115 4344 et
1144 4281 1348 4347 subsistenes
1376 4279 1417 4345 de
1445 4281 1571 4346 Forel
1599 4289 1631 4346 et
1661 4304 1681 4347 e
1709 4283 1742 4348 la
1769 4283 1991 4352 re'oniseonoe
2019 4284 2060 4352 de

151 4371 262 4438 -Hoc
272 4391 356 4437 anno
360 4371 679 4454 prodientotpraeter
699 4369 766 4434 lom
786 4367 917 4434 nudata
940 4365 1029 4432 θαι·
1081 4377 1172 4432 toute
1194 4365 1339 4451 l'Eglise.
1385 4365 1518 4448 (Perrot,
1557 4367 1614 4433 Vt'e
1640 4367 1678 4432 de
1705 4367 1744 4434 F.
1810 4369 1843 4435 S.
1877 4370 1920 4437 N.
1945 4395 1981 4454 p.
2008 4375 2059 4438 63.

82 4457 148 4522 eloi
170 4460 284 4540 scripta
317 4457 405 4522 laec:
437 4459 479 4521 1⁰.
515 4455 727 4520 Institutione
755 4453 886 4536 gallicae
918 4453 964 4518 ed.
998 4453 1027 4519 Ι.
1081 4451 1124 4516 Β.
1141 4471 1177 4532 1).
1201 4455 1252 4517 92.
1275 4451 1314 4532 cf.
1333 4451 1395 4535 Ep.
1419 4456 1491 4516 385.
1508 4473 1543 4534 p.
1568 4455 1656 4530 366.)

83 4539 212 4628 (Proleqq.
235 4543 307 4609 III.
325 4565 359 4625 p.
384 4546 450 4620 28.)
495 4543 541 4606 2⁰.
566 4539 675 4606 Troite
695 4541 733 4607 de
754 4541 787 4606 ln
810 4539 897 4606 cene.
933 4538 1029 4615 (Pro-

83 4623 141 4710 teo.
168 4629 200 4695 V.
216 4653 249 4713 p.
273 4635 339 4704 eo.)
372 4631 417 4694 3⁰.
441 4627 534 4692 Aoos
555 4627 593 4692 ee
615 4625 815 4692 naletam
849 4623 963 4706 (Pron.
993 4626 1028 4692 ν.
1080 4708 1100 4764 J
1142 4708 1210 4764 M
1458 4606 1678 4690 nnvmnn.

80 4733 108 4790 p,
127 4720 183 4790 57)
1102 4724 1141 4764 eu
1212 4749 1220 4764 .

1169 4793 1366 4860 Poeticae-'on
1383 4795 1438 4860 dee
1455 4795 1664 4861 odonnaoees
1681 4797 1923 4880 motaeque
1940 4798 2061 4864 &Neu-

498 4915 594 4986 1542·
1081 4877 1186 4946 01111181.
1232 4880 1367 4958 (ΡΜ,
1397 4880 1454 4948 Vw
1474 4881 1512 4946 de
1533 4879 1638 4947 Fard·
1652 4881 1728 4950 MS.
1751 4885 1790 4950 de
1812 4884 1928 4949 NWCJB·
1947 4905 1983 4966 Ρ.
2007 4886 2059 4950 64.

1081 4967 1120 5032 dt
1142 4965 1248 5032 Beroe
1261 4987 1297 5048 p.
1322 4969 1388 5043 93.)

84 5135 204 5198 nnete.
436 5053 649 5122 JANVOER.
1082 5136 1296 5192 ninneton.

153 5226 378 5296 Ordonnnnoes
406 5248 463 5294 sus
492 5226 619 5312 legliso:
647 5225 820 5309 lesquelles
850 5226 931 5290 hont
965 5235 1034 5292 este
1172 5223 1496 5307 Syrodioedel'annle:
1512 5219 2063 5310 AmiPonn‚01aud0P0rtsmps‚

86 5329 161 5392 posse
178 5335 233 5398 per
253 5316 338 5402 petit
359 5313 464 5399 grand
494 5323 528 5378 et
549 5313 682 5397 general
704 5311 837 5397 oonseyl
858 5309 1034 5396 touteffoys
1085 5309 1212 5377 Olnnde
1234 5311 1347 5388 Roset,
1369 5309 1529 5376 Amblnrd
1553 5310 1702 5378 Cornan..
1745 5306 1836 5376 Seor.
1859 5309 1898 5376 P.
1920 5311 2023 5378 Ruffi.

169 5415 272 5473 mese
296 5433 387 5488 opera.
428 5413 486 5472 vot
503 5411 588 5468 xxr.
1804 5411 1839 5466 19
