4848 6120
164 364 217 426 121
989 365 1100 433 VI'PA
1124 367 1320 436 OALVINI
2094 367 2154 430 111

241 549 348 615 Natus
381 559 431 618 est
459 550 601 618 Ioannes
626 551 786 619 Calvinus
812 553 998 620 Novioduni
1026 555 1131 622 Vero·
1185 556 1359 623 Gallorum
1392 557 1486 624 111111
1525 555 1678 643 princeps
1710 556 1830 622 Petrus
1863 554 1968 622 Stella
2010 553 2155 632 docebat,

159 635 374 701 manduorum
413 647 472 702 aut
509 645 597 703 certe
635 640 858 722 proximorum
891 639 1133 707 Veromenduis
1184 643 1304 708 mirum
1333 657 1534 728 quantopere
1560 642 1652 707 brevi
1682 649 1828 725 tempore
1849 639 2038 725 profecerit:
2075 638 2156 706 adso

158 721 270 787 finium
293 721 412 806 oppido
434 723 570 800 celebri,
602 745 689 790 anno
716 747 737 790 a
757 726 800 791 D.
830 727 1004 792 nativitate
1025 737 1131 805 MDlX,
1184 729 1314 812 quidem
1336 739 1383 809 ut,
1405 749 1507 812 quum
1539 727 1728 810 saepissime
1755 728 1858 794 obiret
1881 729 2024 810 ipsorum
2047 723 2156 791 docto-

159 806 518 892 leduslulii,patre
541 808 1134 890 (11111110111111,1111111111
1183 837 1256 880 rum
1279 815 1381 893 vices,
1413 813 1525 881 doctor
1551 814 1661 896 potius
1689 833 1786 896 quam
1820 812 1950 878 auditor
1971 811 2157 888 haberetur,

157 892 295 970 Franco,
318 901 458 977 utroque
480 894 636 960 honestae
658 895 765 962 famae
788 905 821 962 et
841 897 1059 964 mediocribus
1081 899 1131 964 fa·
1183 902 1278 983 eique
1317 899 1498 966 discedenti
1537 900 1721 965 doctoratus
1758 899 1903 983 insignia
1935 897 2055 980 absque
2088 896 2157 961 ullo

158 978 331 1046 saltatibus
352 992 497 1063 parente.
542 981 626 1046 Erat
654 982 683 1048 is
707 982 878 1049 Gerardus
908 1005 975 1049 non
996 985 1092 1068 pauci
1107 988 1132 1067 ¹)
1183 987 1306 1069 pretio,
1334 1007 1462 1052 summo
1491 985 1676 1052 docentium
1705 985 1851 1050 omnium
1881 1003 2039 1050 consensu
2062 981 2157 1065 quasi

157 1063 265 1129 indicii
288 1071 323 1129 11
343 1067 470 1131 11111111
492 1066 610 1145 homo,
645 1067 783 1152 ideoque
805 1068 968 1136 nobilibus
990 1071 1059 1136 1111
1081 1091 1132 1135 re·
1182 1073 1305 1156 optime
1338 1071 1378 1137 de
1412 1071 1592 1138 Academia
1623 1069 1741 1135 1111111
1774 1071 1979 1135 offerrentur.
2024 1067 2157 1133 Interea

156 1151 260 1234 gionis
282 1149 447 1234 plerisque
468 1173 578 1218 carus:
602 1153 687 1236 qnod
709 1155 745 1218 iu
767 1177 866 1222 eausa
887 1157 963 1234 fuit,
986 1165 1025 1222 ut
1046 1157 1133 1222 inter
1183 1165 1293 1223 tamen
1321 1159 1377 1223 ille
1407 1179 1572 1224 sacrarum
1596 1158 1764 1221 literarum
1795 1153 1938 1222 studium
1961 1153 2060 1220 simul
2083 1153 2157 1218 dili·

156 1237 381 1314 llommorios,
416 1259 499 1321 quae
527 1238 653 1303 familia
674 1240 741 1305 illio
761 1241 825 1306 fuit
847 1239 1018 1307 nobilitate
1040 1263 1133 1326 prae-
1162 1253 1298 1328 'genter
1326 1244 1488 1318 excolere,
1515 1245 1636 1326 inquo
1663 1249 1792 1306 tantum
1822 1241 1919 1306 etiam
1949 1245 2158 1324 promoverat

155 1321 247 1404 cipue
269 1323 420 1406 insignis,
443 1323 622 1390 liberaliter
643 1325 827 1405 admodum,
861 1336 999 1410 paterno
1021 1337 1130 1392 tamen
1182 1339 1220 1394 ut
1248 1331 1433 1413 quicunque
1461 1331 1496 1394 in
1529 1351 1569 1395 ea
1590 1328 1671 1394 urbe
1693 1327 1801 1410 aliquo
1824 1327 1965 1410 purioris
1987 1324 2157 1410 religionis

155 1417 288 1490 sumptu
310 1408 470 1476 Calvinus
492 1410 580 1476 filius
602 1431 622 1476 a
643 1412 751 1495 prima
772 1413 912 1495 pueritia
929 1413 1130 1480 educaretur.
1182 1414 1424 1499 cognoscendae
1446 1414 1553 1482 studio
1575 1414 1797 1497 tangebantur
1813 1412 1854 1478 ad
1873 1433 1946 1478 eum
1965 1411 2064 1477 etiam
2082 1431 2157 1494 per·

155 1493 218 1560 Eos
250 1494 372 1560 deinde
403 1495 574 1561 Lutetiam
607 1497 791 1563 studiorum
824 1501 931 1582 gratia
963 1508 1130 1583 sequutus,
1182 1501 1382 1566 1111111111
1416 1502 1635 1577 cantitarent,
1668 1499 1803 1581 eiusque
1836 1507 1905 1563 tum
1938 1497 2155 1562 eruditionem

154 1591 399 1663 praeceptorem
421 1581 538 1646 habuit
559 1583 593 1646 in
617 1582 800 1667 Gymnasio
815 1583 1130 1651 MarchianoMatu·
1182 1594 1253 1651 tum
1282 1587 1432 1652 ardorem
1454 1605 1652 1671 magnopere
1680 1583 1930 1649 admirarentur.
1979 1583 2156 1648 Testantur

154 1666 263 1730 riuum
301 1665 512 1746 (lardarium,
557 1677 721 1752 spectatae
753 1679 823 1735 tum
856 1669 1027 1753 probitatis
1060 1681 1129 1736 tum
1181 1682 1290 1738 autem
1312 1673 1465 1738 nonnulli
1488 1671 1595 1738 adhue
1616 1672 1819 1752 superstites,
1842 1670 1897 1752 qui
1920 1677 1991 1734 tum
2014 1669 2044 1733 ei
2065 1669 2156 1732 lami-

154 1751 348 1818 eruditionis
369 1753 495 1829 uirum,
525 1761 558 1819 et
586 1755 752 1840 insignem
772 1776 902 1839 semper
924 1756 1072 1822 habitum
1094 1757 1131 1822 in
1181 1759 1280 1824 liares
1313 1767 1345 1824 et
1374 1758 1624 1824 contubernales
1652 1759 1800 1830 fuerunt,
1833 1755 2040 1820 consuevisse
2060 1752 2156 1818 illum

154 1837 305 1903 omnibus
331 1839 399 1902 fere
422 1837 551 1904 Galliae
573 1841 694 1906 scholis
721 1842 905 1908 iuventutis
932 1841 1131 1907 erudiendae
1181 1843 1294 1928 perid
1323 1855 1468 1927 tempus,
1496 1853 1667 1926 postquam
1690 1841 1864 1925 frugaliter
1887 1839 2060 1905 admodum
2082 1858 2155 1905 coe-

153 1925 358 2008 magistrum,
380 1925 539 1990 Generae
562 1925 693 1990 demum
715 1947 753 1992 eo
775 1929 845 2010 ipso
866 1947 953 1992 anno
974 1948 1038 2010 quo
1056 1929 1130 1993 Cul-
1181 1939 1306 2007 nasset,
1340 1931 1381 1994 ad
1403 1930 1543 1996 mediam
1564 1947 1667 2012 usque
1688 1931 1817 1992 noctem
1839 1927 2027 2006 lucubrare,
2059 1945 2155 1990 mane

153 2009 265 2085 11111,
312 2020 358 2073 VI.
381 2010 495 2075 Nonas
535 2009 741 2094 Septembris
793 2023 976 2079 mortuum:
1026 2035 1128 2096 quum
1179 2033 1260 2082 voro
1282 2025 1519 2098 experrectum,
1542 2035 1625 2098 quae
1647 2014 1779 2096 legisset
1799 2014 1834 2077 in
1854 2013 1938 2078 11111
1955 2010 2156 2094 aliquamdiu

153 2115 277 2160 anuum
310 2116 412 2180 agens
445 2099 704 2180 octuagesimum
739 2099 887 2180 quintum
921 2121 960 2164 eo
992 2098 1128 2165 docendi
1179 2101 1331 2166 meditari
1354 2102 1520 2184 velutique
1541 2119 1752 2182 concoquere,
1775 2120 1835 2164 nec
1857 2097 1950 2164 facile
1972 2099 2007 2162 in
2030 2118 2068 2162 ea
2086 2117 2154 2160 me·

152 2201 289 2246 munere
321 2183 357 2246 in
391 2182 453 2247 hoc
487 2182 670 2268 Gymnasio
703 2183 893 2250 Genevensi
925 2185 1128 2269 fungeretur.
1180 2187 1337 2252 ditatione
1370 2207 1500 2270 passum
1531 2184 1744 2268 interpellari.
1796 2183 1926 2264 Quibus
1955 2182 2156 2249 continuatis

152 2265 346 2332 Translatus
376 2266 493 2331 deinde
521 2269 554 2332 in
579 2269 798 2353 Gymnasium
821 2271 861 2336 ab
885 2273 992 2336 heuto
1014 2272 1129 2336 Monte
1179 2273 1301 2354 vigiliis
1323 2272 1379 2337 ille
1401 2272 1532 2355 quidem
1551 2271 1689 2336 solidam
1707 2268 1922 2336 eruditionem
1942 2279 1975 2332 et
1992 2268 2155 2334 excelleu-

151 2353 418 2436 cognomiuatum
440 2353 628 2436 Hispanum
651 2353 767 2420 habuit
793 2355 955 2420 doctorem
991 2378 1055 2422 uon
1078 2357 1128 2422 in·
1180 2368 1247 2422 tem
1270 2359 1459 2422 memoriam
1483 2368 1533 2424 est
1554 2364 1785 2440 consequutus,
1809 2355 1865 2420 sed
1888 2354 1979 2419 illam
2000 2353 2154 2432 vicissim,

151 2437 296 2504 doctum:
329 2461 348 2503 a
370 2459 433 2522 quo
455 2441 585 2504 11111111
606 2442 711 2522 ipsius
732 2443 879 2526 ingenio,
903 2442 987 2525 quod
1010 2443 1040 2508 ei
1062 2443 1127 2507 iam
1180 2453 1217 2508 ut
1235 2444 1411 2510 verisimile
1428 2453 1487 2522 est,
1510 2443 1685 2508 ventriculi
1705 2441 1962 2506 imbecillitatem
1981 2440 2154 2516 contraxit,

151 2534 218 2588 tum
241 2533 318 2589 erat
338 2525 544 2602 acerrimum,
567 2526 614 2590 ita
635 2527 773 2610 profecit
795 2537 832 2592 ut
853 2529 990 2593 caeteris
1013 2528 1129 2593 sodali·
1181 2551 1264 2612 qnae
1282 2531 1389 2594 varios
1410 2530 1474 2612 ipsi
1496 2527 1625 2594 morbos
1647 2537 1680 2594 et
1702 2527 1835 2592 tandem
1859 2527 1958 2592 etiam
1980 2527 2155 2610 intempes-

151 2607 207 2674 bus
229 2611 266 2674 in
290 2612 520 2694 grammatices
542 2611 703 2677 curriculo
727 2614 781 2691 [A.
796 2617 829 2693 6]
853 2613 976 2680 relictis
999 2613 1039 2680 ad
1058 2613 1128 2679 dia·
1180 2617 1279 2680 tivum
1303 2626 1444 2679 mortem
1468 2615 1588 2680 attulit.

150 2695 282 2761 lectices
303 2703 336 2761 et
357 2695 496 2760 aliarum
519 2705 728 2779 quasvocant
748 2699 866 2763 artium
890 2698 1033 2764 studium
1053 2721 1127 2782 pro-
1265 2701 1348 2764 111111
1380 2709 1449 2764 tum
1472 2699 1668 2766 Academiae
1692 2697 1908 2762 Biturieensis
1930 2718 2050 2780 magua
2071 2697 2155 2763 cele·

149 2791 346 2848 moveretur.
387 2781 581 2847 Destinarat
602 2791 712 2848 autem
743 2805 818 2850 eum
849 2793 941 2868 pater
968 2786 1008 2849 ab
1030 2785 1126 2849 initio
1179 2785 1290 2860 britan,
1312 2785 1399 2867 quod
1421 2806 1459 2850 eo
1481 2795 1634 2850 evocatus
1656 2805 1698 2848 ex
1714 2783 1813 2848 Italia
1829 2783 2080 2848 iurisconsultus
2101 2803 2155 2848 ae-
2184 2789 2186 2792 ’

149 2868 335 2952 theologiae
356 2867 490 2946 studiis,
513 2867 555 2932 ad
577 2889 660 2952 quae
682 2870 769 2934 ultro
789 2870 884 2934 illum
906 2870 1063 2935 inclinare
1084 2891 1126 2935 ex
1178 2871 1257 2936 tatis
1279 2891 1358 2936 suae
1379 2871 1474 2937 facile
1493 2871 1646 2954 princeps
1664 2868 1815 2934 Andreas
1832 2868 1982 2934 Alciatus
2000 2868 2153 2948 venisset,

149 2974 184 3019 eo
205 2953 398 3039 colligebat,
428 2953 515 3037 quod
543 2955 578 3018 in
600 2955 657 3020 illa
678 2957 779 3020 etiam
800 2963 914 3020 tenera
935 2963 1042 3020 aetate
1063 2957 1125 3020 mi·
1179 2977 1274 3040 quem
1298 2955 1361 3022 sibi
1382 2977 1509 3040 quoque
1519 2955 1662 3022 Ioannes
1680 2961 1791 3020 noster
1803 2951 2001 3020 audiendum
2012 2955 2151 3037 putavit.

148 3061 220 3104 rum
244 3042 280 3104 11
305 3039 437 3105 modum
459 3039 632 3123 religiosus
655 3049 742 3108 esset
762 3049 796 3106 et
816 3062 951 3107 severus
978 3041 1125 3106 omnium
1177 3042 1293 3125 Itaque
1315 3063 1415 3126 quum
1438 3062 1476 3108 eo
1497 3042 1685 3125 migrasset,
1713 3041 1891 3106 amicitiam
1918 3040 1993 3104 iniit
2021 3048 2055 3104 et
2076 3040 2154 3106 reli·

148 3125 178 3190 in
212 3126 284 3192 suis
306 3125 471 3191 sodalibus
503 3126 658 3191 vitiorum
691 3146 822 3192 censor:
857 3126 944 3210 quod
972 3149 1014 3192 ex
1043 3149 1125 3192 non·
1177 3130 1283 3212 gioms
1305 3137 1339 3195 et
1360 3129 1531 3194 literarum
1552 3129 1684 3192 nomine
1705 3147 1779 3193 cum
1792 3125 2153 3192 MelchioreWolmaro

147 3211 247 3278 nullis
282 3213 381 3276 etiam
409 3210 577 3278 catholicis
599 3213 725 3278 idoneis
747 3211 885 3278 testibus
907 3213 1021 3278 multis
1050 3221 1126 3296 post
1177 3213 1347 3280 Germano
1369 3213 1583 3290 Rotvilleusi,
1606 3213 1808 3279 Graecarum
1831 3211 2000 3276 literarum
2022 3211 2153 3295 publico

148 3301 252 3377 annis,
274 3295 396 3364 celebri
417 3297 483 3362 iam
506 3297 577 3364 1111
599 3299 747 3378 nomine,
770 3299 882 3364 audire
905 3320 958 3364 me
978 3299 1124 3365 memini.
1177 3307 1248 3366 tum
1270 3301 1338 3368 illic
1360 3302 1555 3385 professore:
1578 3299 1672 3365 cuius
1692 3297 1838 3364 maxime
1859 3297 1923 3363 viri
1940 3319 1978 3362 eo
1997 3296 2152 3362 libentius

147 3382 264 3468 Itaque
286 3383 380 3467 quasi
401 3382 499 3448 rebus
521 3385 623 3450 111111
641 3382 802 3450 destinato
820 3395 913 3468 pater
929 3384 1124 3451 beneficium
1175 3388 1325 3466 memini,
1360 3385 1446 3470 qnod
1478 3385 1620 3452 eundem
1653 3405 1714 3468 ego
1746 3406 1766 3448 a
1798 3383 1904 3467 prima
1934 3383 2078 3467 pueritia
2110 3383 2153 3448 ad

148 3469 185 3534 ab
218 3469 371 3554 episcopo
402 3468 650 3535 Novioduneusi
685 3471 873 3554 impetravit
911 3471 947 3536 in
989 3471 1125 3538 ecclesia
1175 3471 1380 3555 pubertatem
1424 3493 1528 3555 usque
1576 3478 1818 3554 praeceptorem
1862 3469 1995 3534 unicum
2041 3468 2151 3548 habui,

148 3555 337 3630 cathedrali,
360 3575 457 3638 quam
481 3555 656 3639 appellant,
679 3577 717 3621 ae
739 3557 891 3640 deinceps
913 3557 1011 3622 etiam
1030 3577 1124 3640 paro·
1174 3558 1268 3624 cuius
1291 3557 1487 3636 doctrinam,
1519 3557 1672 3641 pietatem
1702 3563 1910 3638 caeterasque
1932 3557 2071 3620 virtutes
2094 3553 2151 3618 ad·

148 3641 240 3708 chiae
274 3643 476 3708 curationem
506 3643 541 3705 in
574 3663 659 3726 pago
691 3641 765 3707 urbi
798 3643 920 3722 vicino,
956 3643 1013 3726 qui
1034 3644 1124 3708 Pons
1174 3643 1355 3709 mirabilem
1379 3643 1518 3726 denique
1546 3645 1581 3708 in
1608 3640 1787 3708 erudienda
1813 3642 1985 3706 iuventute
2008 3640 2151 3706 dexteri·

148 3729 291 3811 episcopi
321 3728 456 3805 dieitur,
485 3747 527 3791 ex
556 3748 620 3812 quo
650 3737 741 3793 ortus
762 3729 833 3812 ipse
855 3727 1025 3794 Gerardus
1048 3728 1124 3794 Oal-
1175 3736 1276 3794 tatem
1296 3751 1464 3813 nunquam
1476 3729 1556 3794 satis
1568 3729 1691 3812 possim
1708 3725 1904 3810 praedicere.
1944 3726 2017 3792 Hoc
2036 3735 2150 3792 autore

148 3813 247 3880 vinus
268 3825 363 3898 pater
384 3815 419 3878 in
442 3813 556 3878 urbem
579 3816 683 3896 ipsam
707 3823 819 3897 postea
841 3815 1033 3879 transierat:
1057 3835 1122 3898 quo
1174 3825 1206 3880 et
1229 3813 1378 3880 adiutore
1399 3815 1559 3881 Calvinus
1581 3815 1727 3880 Graecas
1755 3812 1867 3876 literas
1897 3811 2024 3889 didicit,
2059 3814 2151 3879 cuius

149 3896 216 3964 1111
245 3909 376 3966 constat
403 3898 562 3963 Ioannem
591 3900 701 3982 ipsum
723 3899 913 3978 Calvinum,
947 3909 1122 3982 1111111111
1174 3901 1322 3966 beneficii
1350 3901 1542 3966 memoriam
1569 3901 1720 3965 omnibus
1749 3905 1862 3981 postea
1895 3905 2048 3964 testatam
2078 3918 2151 3964 1111

148 3983 259 4050 Gallia
276 3985 456 4064 excederet,
475 3986 578 4050 nullis
595 3987 716 4069 alioqui
728 3987 902 4070 pontificiis
914 3985 1082 4052 ordinibus
1092 3987 1121 4070 ²)
1173 3986 1286 4064 voluit,
1310 3988 1506 4054 consecratis
1528 3987 1633 4069 ipsius
1654 3984 1780 4050 nomini
1802 3983 2045 4050 commentariis
2070 4004 2150 4067 quos

147 4069 312 4136 initiatum
334 4072 459 4154 aliquot
481 4071 522 4136 ad
545 4072 701 4154 populum
725 4073 896 4138 conciones
918 4071 1079 4137 habuisse.
1172 4073 1206 4136 in
1230 4073 1368 4139 alteram
1390 4073 1431 4138 ad
1455 4071 1644 4138 Corinthios
1667 4069 1838 4154 epistolam
1861 4068 1971 4134 edidit.

231 4157 300 4224 Sed
323 4158 384 4223 hoo
404 4157 576 4222 eonsilium
594 4157 772 4242 interrupit
789 4159 959 4240 utriusque
976 4166 1123 4224 mutatus
1258 4159 1300 4223 In
1321 4158 1374 4224 his
1403 4159 1507 4243 igitur
1534 4157 1651 4224 studiis
1673 4166 1879 4234 versantem,
1912 4156 1958 4219 ita
1980 4161 2090 4218 tamen
2113 4163 2150 4220 ut

147 4243 283 4310 animus.
317 4244 429 4310 Patris
452 4243 584 4325 quidem
603 4243 1122 4326 quodiurisprudeutiameertius
1172 4264 1282 4310 sacras
1315 4245 1427 4310 literas
1460 4243 1590 4309 assidue
1624 4248 1685 4321 [fol.
1710 4253 1746 4307 11.
1770 4245 1813 4320 2.]
1836 4251 1971 4316 tereret,
2004 4239 2150 4323 adeoque

147 4326 211 4393 1111·
241 4350 313 4395 esse
346 4329 386 4394 ad
420 4348 499 4412 opes
531 4339 564 4394 et
596 4327 738 4394 honores
767 4329 910 4396 videret:
943 4329 1003 4394 filii
1032 4349 1120 4410 vero,
1172 4331 1347 4397 nonnullas
1375 4331 1509 4396 interim
1538 4329 1709 4396 111111111
1730 4328 1764 4392 in
1788 4348 1867 4410 agro
1889 4327 2090 4407 Biturigum,
2114 4328 2149 4391 in

147 4413 261 4496 quoda
278 4425 416 4500 cognato
435 4415 575 4497 quodam
594 4435 653 4480 suo
665 4417 765 4481 Petro
777 4415 923 4480 Roberto
935 4413 1121 4494 Olivetano‚
1172 4417 1329 4500 oppidulo
1346 4417 1432 4500 quod
1444 4416 1598 4482 Linerias
1609 4421 1738 4490 vocant,
1761 4423 1935 4496 praesente
1946 4421 1979 4476 et
1990 4413 2149 4495 probante

147 4502 197 4564 cni
221 4501 369 4567 Gallicae
397 4501 551 4566 eeclesiae
580 4521 740 4567 conversa
767 4523 809 4566 ex
838 4500 990 4567 Hebraeo
1012 4501 1122 4567 Biblia
1171 4503 1260 4568 illius
1278 4503 1409 4568 domino
1426 4503 1572 4580 haberet,
1593 4497 2148 4584 repentinamorspatrisnunciata

146 4584 299 4652 Neocomi
319 4588 480 4668 impressa
501 4586 644 4672 debent),
668 4587 708 4652 de
729 4607 808 4653 vera
828 4587 988 4671 religione
1010 4585 1121 4652 admo·
1171 4589 1204 4653 in
1245 4590 1385 4672 patriam
1423 4589 1600 4654 revocavit.
1655 4585 1739 4651 lude
1778 4585 1875 4668 paulo
1907 4593 1979 4666 post
2011 4584 2148 4649 Lutetia

147 4673 234 4738 nitus
260 4673 409 4758 legendis
438 4673 540 4738 sacris
569 4673 661 4739 libris
691 4694 726 4738 se
747 4673 892 4752 madere,
923 4675 1121 4756 asupersti·
1171 4677 1342 4752 transiens,
1367 4695 1469 4758 quum
1492 4693 1615 4740 aunum
1639 4679 1752 4756 ageret
1768 4673 1966 4755 vigesimum
1984 4677 2145 4752 quartum,
2263 4704 2268 4712 ·

147 4757 287 4826 tionibus
298 4779 377 4825 vero
388 4756 573 4836 abhorrere,
593 4781 631 4825 ac
648 4759 785 4842 proinde
798 4780 869 4824 sese
888 4759 928 4824 ab
940 4760 1006 4825 illis
1019 4759 1120 4825 saeris
1171 4761 1339 4844 egregium
1360 4761 1455 4826 illum
1485 4759 1755 4826 commentarium
1785 4757 1914 4839 scripsit
1943 4755 1977 4820 11
2001 4753 2146 4820 Senecae

147 4844 317 4929 seiungere
348 4845 516 4927 coepisset.
570 4845 743 4911 Profectus
783 4866 860 4930 ergo
897 4845 980 4910 iuris
1012 4845 1120 4911 civilis
1170 4845 1316 4912 libellum
1340 4845 1380 4911 de
1402 4845 1600 4912 Clementia:
1631 4866 1695 4928 quo
1718 4843 1876 4926 scriptore
1898 4840 2091 4925 gravissimo
2113 4849 2147 4906 et

148 4929 297 4996 audiendi
319 4951 417 4996 eausa
435 4929 611 5008 Aureliam,
634 4931 691 4996 ubi
713 4939 794 4998 tunc
814 4931 1118 4997 iurisconsultorum
1169 4925 2147 5014 ipsiusOalvinimoribusplanecouvenieutevaldedelecta·

1171 5024 1241 5082 tum
1254 5039 1330 5084 eum
1341 5017 1443 5084 fuisse
1454 5025 1591 5084 constat.
1626 5017 1677 5082 Ibi
1695 5015 1808 5098 paucis
1825 5011 1991 5078 mensibus
2003 5011 2147 5078 innotuit

1169 5104 1321 5169 omnibus
1342 5103 1484 5188 purioris
1506 5103 1675 5186 religionis
1692 5099 1855 5176 studiosis,
1878 5099 1966 5162 inter
1983 5118 2064 5180 quos
2081 5098 2146 5163 lne-

231 5221 245 5274 1
277 5221 350 5276 Eud.
369 5227 475 5277 „mg
494 5221 581 5291 pm„
1169 5203 1308 5272 quenter
1329 5198 1444 5272 postea
1465 5209 1531 5254 non
1554 5191 1625 5254 sine
1658 5186 1780 5268 insigni
1801 5184 1934 5268 pietatis
1955 5184 2144 5250 testimonio

229 5222 351 5359 1111111.
368 5294 475 5346 recena.
497 5291 561 5346 aad
580 5307 707 5360 unquam
1169 5285 1477 5342 commemorantem
1511 5295 1586 5340 eum
1615 5272 1801 5338 audivimus
1827 5269 2034 5353 Stephanum
2063 5269 2147 5334 For-
