4848 6120
119 393 187 473 ἰιι
957 403 1069 472 VIuA
1090 406 1295 474 OALVINI.
2068 411 2127 474 ιιι

138 605 367 680 contemptores
388 595 660 662 animadvertisse
682 593 813 660 diceret.
849 593 946 676 Quod
964 593 1103 662 dedecus
1154 595 1328 664 accedente
1350 596 1455 681 plebis
1476 616 1645 676 consensu,
1668 595 1812 662 delectus
1835 616 1899 662 non
1921 597 2136 662 concionator·

138 704 224 750 verae
252 683 401 765 religioni
430 684 577 747 inustum
607 701 673 745 non
702 679 812 746 ferens
843 679 1002 746 Calvinus
1033 681 1102 747 eius
1154 693 1283 750 tantum
1306 682 1382 764 (hoc
1412 691 1520 748 autem
1547 682 1690 766 primum
1719 685 1915 765 recusarat),
1944 682 2001 748 sed
2028 683 2130 750 etiam

137 769 243 836 edendi
261 769 338 833 libri
356 769 557 834 occasionem
576 767 724 850 arripuit,
744 787 817 832 meo
835 766 966 848 quidem
983 767 1103 832 iudicio
1154 789 1320 836 sacrarum
1354 769 1524 834 literarum
1557 767 1682 846 doctor,
1722 767 1808 850 quod
1840 789 1943 832 unum
1976 768 2134 834 admitte-

135 854 405 938 incomparabilis:
440 853 553 919 addita
586 852 760 918 excellenti
783 852 824 916 ad
846 852 971 935 Regem
995 853 1103 936 ipsum
1154 856 1226 932 bat,
1258 864 1308 920 est
1336 853 1526 939 designatus
1555 875 1641 920 auno
1663 853 1799 920 Domini
1820 863 1994 920 MDXXXVI
2016 875 2127 920 mense

135 941 336 1025 praefatione,
358 959 456 1023 quam
479 939 508 1005 si
530 939 614 1004 forte
631 938 764 1022 legisset
775 937 840 1017 ille,
864 947 992 1021 autego
1005 939 1103 1002 vehe-
1154 944 1316 1025 Augusto.
1429 961 1431 966 ·

134 1035 255 1092 menter
276 1025 388 1104 fallor,
413 1035 470 1090 aut
491 1045 648 1108 magnum
672 1035 758 1088 esset
779 1023 827 1088 illi
851 1023 1013 1089 meretrici
1036 1025 1102 1088 Ba-

134 1113 295 1196 bylonicae
317 1112 381 1176 iam
405 1105 476 1176 tum
501 1111 622 1176 vulnus
642 1108 781 1174 illatum.
825 1111 909 1174 Erat
937 1111 1025 1174 enim
1047 1109 1103 1173 ille
1242 1115 1351 1194 Atque
1363 1111 1450 1176 idem
1469 1111 1522 1175 hic
1540 1131 1646 1176 annue
1667 1111 1749 1174 inito
1771 1110 1857 1174 inter
1880 1109 1963 1174 duas
1980 1111 2127 1178 civitates

134 1200 199 1264 Rex
229 1217 297 1262 non
328 1197 440 1281 quales
467 1217 543 1262 eum
572 1205 649 1261 sunt
671 1197 862 1277 consequuti
885 1204 1010 1278 postea:
1045 1195 1102 1260 sed
1153 1199 1299 1262 Bernam
1322 1205 1355 1260 et
1378 1197 1550 1262 Genavam
1573 1196 1704 1262 arctiori
1726 1195 1854 1262 foedere
1876 1205 1909 1261 et
1930 1197 2128 1262 Lausannae

133 1285 305 1350 matrimus
322 1304 433 1347 rerum
452 1283 651 1360 aestimator,
670 1279 782 1348 iudicii
793 1280 835 1346 ad
846 1279 1102 1364 dignoscendum
1154 1283 1195 1349 ad
1218 1283 1388 1348 Christum
1413 1283 1606 1358 accessione,
1629 1281 1742 1347 habita
1764 1281 1922 1347 adversus
1944 1283 2127 1365 pontificios

133 1391 241 1435 rerum
264 1389 331 1433 non
354 1369 456 1451 parvi,
480 1368 682 1433 eruditorum
704 1367 830 1444 fautor,
858 1387 964 1448 neque
986 1387 1046 1451 per
1067 1388 1103 1431 se
1154 1369 1257 1434 libera
1288 1369 1524 1453 disputatione,
1555 1369 1606 1433 cui
1629 1368 1788 1434 Calvinus
1814 1387 1940 1450 quoque
1969 1369 2129 1448 interfuit,

132 1455 266 1520 anobis
293 1455 430 1518 alienus.
482 1452 548 1518 Sed
576 1453 670 1518 illum
703 1453 784 1517 haec
820 1451 947 1530 audire,
980 1452 1102 1516 nedum
1154 1455 1337 1520 celebratus
1358 1463 1416 1520 est.
1452 1456 1545 1520 Tunc
1563 1453 1652 1518 edita
1669 1463 1718 1518 est
1736 1453 1906 1518 aOalviuo
1918 1453 2126 1520 Christianae

132 1541 243 1624 legere,
265 1561 373 1622 neque
394 1539 506 1622 populi
529 1539 647 1606 Gallici
670 1559 775 1620 neque
797 1538 900 1621 ipsius
921 1539 1008 1620 regis
1028 1557 1102 1620 pee-
1154 1540 1318 1606 doctrinae
1330 1540 1490 1623 quaedam
1504 1539 1603 1606 veluti
1623 1539 1772 1616 formula,
1791 1537 1928 1604 vixdum
1945 1541 2125 1623 emergenti

132 1637 197 1692 cata
218 1647 317 1709 passa
338 1641 426 1704 sunt,
450 1625 569 1708 quibus
591 1625 643 1690 ira
660 1623 725 1690 Dei
748 1623 813 1688 iam
832 1635 902 1688 tum
920 1624 1103 1708 propinqua
1154 1635 1322 1709 spepatus
1335 1625 1483 1690 sordibus
1496 1625 1685 1692 Genovensi
1704 1625 1858 1690 ecclesiae
1876 1625 2125 1690 accommodata

132 1711 325 1776 imminebat.
622 1767 624 1776 .
792 1769 795 1774 .
1154 1710 1291 1777 Addidit
1300 1712 1398 1776 etiam
1411 1711 1664 1790 (letechismum,
1683 1732 1750 1776 non
1767 1710 1862 1774 illum
1873 1711 1908 1774 in
1920 1713 2125 1792 quaestiones

210 1795 311 1862 Edito
333 1797 395 1862 hoc
417 1797 499 1862 libro
522 1815 645 1880 suaque
672 1796 777 1861 veluti
798 1797 955 1878 praestita
976 1795 1102 1879 patriae
1154 1805 1186 1862 et
1208 1799 1437 1880 responsiones
1460 1796 1686 1874 distributum,
1714 1817 1811 1880 quem
1840 1817 1927 1860 nunc
1956 1795 2123 1875 habemus,

131 1883 197 1960 lide,
222 1883 398 1948 Calvinum
421 1882 576 1947 visendae
598 1881 821 1947 Ferrariensis
841 1881 1008 1959 Ducissae,
1032 1882 1102 1946 Lu·
1153 1882 1211 1949 ssd
1242 1883 1342 1948 alium
1376 1883 1478 1948 multo
1512 1883 1714 1961 breviorem,
1752 1883 1926 1966 praecipua
1958 1883 2125 1967 religionis

131 1969 230 2034 dorici
250 1968 331 2034 XII.
354 1969 555 2034 Francorum
579 1967 682 2050 Regis
703 1967 798 2046 filiae,
824 1967 917 2032 cuius
940 1977 1010 2032 tum
1033 1969 1101 2050 pie·
1152 1970 1259 2052 capita
1280 1968 1497 2052 complexum.
1542 1973 1729 2053 Aggressus
1758 1967 1876 2033 deiude
1896 1989 1970 2033 cum
1991 1967 2125 2034 Farello

131 2067 173 2120 tas
193 2054 426 2132 celebrabatur,
450 2055 613 2136 simulque
623 2052 738 2118 Italiae
761 2053 863 2118 veluti
882 2053 996 2136 procul
1013 2051 1101 2117 salu·
1152 2065 1185 2120 et
1206 2054 1356 2133 (loraldo,
1378 2055 1542 2138 plerisque
1563 2076 1605 2120 ex
1623 2054 1756 2138 collegis
1775 2053 1948 2120 timiditate
1961 2058 1987 2136 ι)
2009 2055 2125 2120 turbas

131 2141 244 2206 cudae
267 2139 465 2206 desiderium
489 2140 632 2205 incessit.
675 2139 772 2204 Illam
802 2139 906 2222 igitur
927 2137 1027 2216 vidit,
1057 2140 1100 2204 si·
1150 2141 1361 2224 fugientibus,
1383 2141 1552 2206 nonnullis
1574 2139 1688 2217 etiam,
1719 2161 1802 2223 quae
1825 2140 1971 2204 maxima
1993 2139 2125 2206 Caluini

131 2226 258 2309 mulque
290 2235 448 2308 quantum
482 2225 514 2290 id
547 2226 641 2290 illum
674 2224 781 2290 facere
811 2245 967 2306 praesens
990 2245 1099 2290 rerum
1150 2226 1334 2292 sollicitudo
1362 2227 1439 2307 fuit,
1472 2227 1556 2291 clam
1584 2248 1666 2310 opus
1694 2226 1829 2290 Domini
1861 2225 2123 2308 impedientibus,

132 2323 230 2377 status
250 2311 393 2388 sinebat,
421 2313 454 2376 in
486 2332 565 2376 vero
594 2311 724 2392 pietatis
751 2310 859 2374 studio
881 2310 1099 2388 confirmavit,
1150 2313 1319 2378 ecelesiam
1350 2332 1557 2394 componere,
1589 2333 1609 2376 a
1641 2310 1767 2377 civibus
1799 2311 1943 2395 primum
1976 2313 2123 2378 omnium

132 2411 162 2462 ut
194 2419 270 2462 eum
303 2407 414 2480 postea
437 2399 548 2461 vivum
581 2417 710 2478 semper
740 2397 835 2462 unice
858 2395 1028 2472 dilexerit,
1061 2416 1099 2460 ao
1150 2398 1332 2474 contendit,
1361 2409 1398 2462 ut
1419 2405 1475 2476 [fol.
1498 2409 1533 2462 11.
1557 2403 1588 2477 3]
1611 2403 1742 2464 coactus
1770 2398 1910 2481 populus
1939 2398 2124 2477 universus,

130 2504 210 2548 nunc
232 2504 358 2566 quoque
380 2491 546 2564 superstes
568 2491 683 2566 gratae
704 2482 739 2546 in
762 2480 954 2548 defunctum
975 2502 1098 2546 memo·
1149 2485 1276 2549 eiurato
1297 2484 1404 2566 palam
1427 2493 1559 2568 papatu,
1580 2484 1615 2547 in
1638 2484 1851 2548 christianam
1872 2484 2062 2567 religionem
2085 2506 2123 2551 ac

130 2571 189 2634 riae
207 2571 373 2653 specimen
391 2565 467 2632 edat
485 2568 698 2632 luculentum.
735 2565 909 2633 Caeterum
929 2589 971 2632 ex
990 2567 1098 2645 Italia,
1150 2569 1356 2652 disciplinam
1378 2570 1491 2652 paucis
1512 2567 1673 2652 capitibus
1696 2569 1966 2652 comprehensam
1987 2570 2121 2636 iuraret

130 2655 274 2722 iucuius
296 2655 378 2718 fines
402 2675 437 2718 se
468 2655 653 2737 ingressum
676 2674 747 2719 esse
769 2651 876 2718 dicere
898 2653 1038 2732 solebat,
1061 2662 1099 2717 ut
1150 2654 1247 2736 Quod
1271 2656 1333 2722 etsi
1355 2676 1421 2719 non
1443 2657 1538 2736 pauci
1556 2665 1754 2733 recusarent,
1777 2663 1815 2718 ut
1836 2657 1871 2720 in
1889 2653 1969 2720 urbo
1986 2655 2123 2722 vixdum

131 2741 201 2804 inde
222 2741 335 2818 exiret,
358 2739 393 2804 in
417 2738 561 2806 Galliam
583 2760 760 2822 regressus,
783 2739 880 2806 rebus
902 2739 971 2804 suis
992 2739 1097 2803 omni·
1149 2739 1350 2806 exSabaudi
1361 2739 1465 2806 Ducis
1482 2739 1605 2806 retibus
1623 2740 1866 2804 etAntichristi
1888 2741 1964 2823 iugo
1985 2740 2124 2806 liberata
2179 2791 2181 2794 -

131 2826 184 2892 bus
205 2825 250 2890 ibi
272 2825 468 2908 compositis,
491 2823 693 2908 abductaque
716 2845 812 2908 quem
831 2825 964 2891 unicum
983 2843 1097 2906 super·
1149 2833 1182 2890 et
1203 2825 1316 2892 multis
1338 2825 1447 2891 adhuc
1467 2825 1663 2892 factionibus
1685 2832 1873 2901 aestuante,
1900 2825 1989 2890 dedit
2011 2837 2123 2892 tamen

130 2913 232 2977 etitem
265 2911 407 2976 habebat
438 2911 585 2976 Antonio
617 2910 756 2976 Calvino
780 2911 898 2989 fratre,
930 2909 1096 2976 Basileam
1149 2912 1312 2978 Dominus
1333 2923 1392 2976 xx.
1412 2911 1491 2976 Iulii
1513 2932 1599 2977 anno
1620 2921 1817 2989 Muxxxm,
1838 2919 1877 2975 ut
1898 2912 2007 2994 palam
2027 2933 2122 2996 pree-

129 3000 176 3064 rcl
198 2998 415 3082 argentinam
437 2997 558 3062 reverti
580 2997 790 3080 cogitantem,
812 2994 1001 3061 interclusis
1024 2995 1097 3060 aliis
1148 3003 1248 3062 eunte
1277 2997 1405 3080 publico
1433 2997 1557 3074 scriba,
1587 3017 1607 3062 a
1632 2995 1758 3062 Senatu
1786 2997 1978 3080 Populoqne
2010 2997 2122 3064 Gene-

129 3085 240 3150 finibus
253 3088 279 3166 ¹)
301 3104 360 3166 per
382 3081 598 3164 Allobrogum
628 3079 675 3167 [A
698 3079 735 3232 ὃ]
761 3083 845 3146 fines
873 3082 936 3146 iter
964 3081 1096 3147 institu-
1148 3083 1243 3149 vensi
1265 3082 1301 3148 in
1323 3083 1520 3150 christianae
1549 3083 1718 3166 religionis
1746 3103 1784 3148 ac
1811 3081 2003 3166 disciplinae
2025 3084 2122 3150 simul

129 3181 195 3234 tum
214 3168 366 3254 prosequi
388 3168 475 3234 bella
496 3175 683 3252 coegerunt.
736 3175 769 3232 ta
790 3167 912 3232 factum
930 3177 967 3232 ut
985 3166 1094 3232 Gene—
1148 3170 1254 3252 capita
1275 3170 1448 3236 iuraretur.
1492 3169 1571 3236 Istis
1600 3190 1677 3236 vero
1705 3169 1918 3236 exacerbatus
1940 3169 2059 3249 Satan,
2089 3177 2123 3234 et

129 3275 198 3320 vam
219 3256 358 3334 veniret,
388 3254 470 3319 nihil
499 3253 570 3336 ipse
592 3253 721 3337 quidem
751 3252 792 3318 de
820 3251 877 3318 illa
905 3254 987 3319 urbe
1008 3253 1095 3334 cogi·
1147 3255 1285 3334 frustra,
1319 3255 1405 3339 quod
1434 3275 1493 3339 per
1524 3263 1679 3321 externos
1710 3255 1821 3320 hostes
1852 3255 1991 3320 infinitis
2018 3255 2123 3321 modis

129 3349 209 3422 tans,
237 3340 295 3408 sed
316 3351 354 3406 ut
380 3361 458 3405 mox
485 3341 640 3424 apparuit
669 3339 828 3405 divinitus
849 3360 886 3404 eo
908 3338 1094 3423 perductus.
1148 3347 1302 3420 tentarat,
1325 3341 1454 3408 efficere
1476 3361 1547 3407 sese
1568 3341 1701 3425 pietatis
1717 3341 1853 3408 obtentu
1870 3349 1960 3406 ratus
1977 3341 2122 3424 primum

129 3426 205 3491 Erat
229 3427 316 3492 enim
346 3426 382 3490 in
409 3426 501 3492 illam
531 3425 647 3490 urbem
675 3425 774 3508 paulo
802 3433 879 3491 ante
901 3424 1097 3491 mirabiliter
1148 3427 1294 3494 omnium
1305 3427 1550 3510 Anabaptistas,
1573 3426 1692 3493 deinde
1701 3427 1841 3492 Petrum
1852 3425 1973 3505 Oaroli,
1996 3426 2037 3491 de
2058 3449 2122 3510 quo

130 3512 342 3580 introductum
361 3512 487 3579 Christi
507 3511 714 3594 evangelium
736 3511 875 3576 duorum
892 3531 1097 3577 summorum
1147 3535 1227 3579 mox
1249 3513 1403 3592 dicemus,
1426 3513 1588 3596 opposuit,
1611 3514 1668 3596 qui
1684 3534 1765 3595 opus
1782 3512 1871 3578 istud
1882 3512 2029 3591 Domini,
2053 3515 2122 3580 sive

131 3599 264 3665 virorum
286 3618 395 3683 opera,
412 3596 571 3664 Gulielmi
589 3597 711 3662 Farelli
728 3596 948 3680 Delphinatis,
971 3618 1036 3662 non
1060 3605 1097 3662 ut
1147 3598 1233 3682 quod
1255 3598 1336 3664 illud
1359 3599 1582 3682 qualecunque
1610 3601 1676 3664 iam
1705 3607 1777 3664 erat
1799 3599 1829 3664 ei
1851 3619 2049 3683 magnopere
2071 3600 2122 3664 in-

132 3682 251 3766 quidam
278 3685 454 3750 commenti
481 3695 558 3748 sunt
586 3705 629 3748 ex
657 3681 812 3748 coenobio
842 3681 900 3748 sed
921 3705 962 3748 ex
985 3682 1098 3749 schola
1147 3694 1277 3768 gratum
1301 3693 1400 3763 esset,
1423 3686 1492 3750 sive
1514 3684 1602 3767 quod
1623 3707 1662 3750 ea
1683 3705 1766 3768 quae
1788 3693 1902 3768 postea
1921 3694 2123 3768 consequuta

132 3769 230 3836 Iacobi
250 3771 352 3836 Fabri
370 3768 578 3854 stapulensis
599 3767 805 3852 prodeuntis,
839 3777 873 3835 et
884 3769 976 3834 Petri
987 3768 1096 3833 Vireti
1147 3779 1224 3834 sunt
1246 3771 1462 3854 prospiceret,
1491 3791 1559 3836 non
1580 3772 1841 3836 interturbarent
1862 3771 1973 3849 modo,
2004 3791 2120 3835 verum

135 3853 278 3922 Orbensis
296 3879 339 3921 ex
357 3877 438 3940 agro
449 3855 905 3938 BernensiacFriburgensis
923 3855 1058 3920 ditionis
1067 3855 1095 3937 ²)
1147 3857 1247 3920 etiam
1270 3854 1477 3922 destruerent
1497 3877 1631 3940 prorsus
1653 3867 1749 3938 atque
1771 3855 2009 3921 subverterent.

134 3961 257 4022 quorum
300 3951 413 4026 postea
461 3940 627 4006 laboribus
670 3939 888 4024 copiosissime
931 3940 1096 4005 Dominus
1232 3941 1301 4008 Sed
1323 3951 1545 4008 anteverteret
1568 3940 1726 4008 Satanam
1748 3941 1919 4020 Dominus,
1943 3940 2028 4023 quod
2050 3943 2120 4024 ipss

134 4026 296 4094 benedixit.
342 4029 410 4092 Eos
436 4028 537 4112 igitur
566 4046 684 4108 quum,
717 4034 755 4092 ut
780 4027 867 4091 inter
896 4027 998 4092 bonos
1024 4025 1095 4092 fieri
1146 4027 1194 4093 rei
1217 4035 1356 4094 eventus
1378 4027 1494 4094 docuit.
1539 4027 1774 4110 Anabaptistas
1795 4029 1883 4092 enim
1906 4025 2065 4092 Galviuus
2088 4034 2123 4091 et

136 4113 218 4192 solet,
247 4114 408 4182 Calvinus
442 4113 606 4178 transiens
627 4113 808 4188 invisisset,
843 4121 913 4176 tum
936 4112 1095 4190 Farellus,
1146 4114 1288 4197 collegae
1318 4113 1447 4196 publica
1479 4111 1643 4196 liberaque
1676 4113 1894 4195 disputatione
1927 4119 2121 4178 convocatos

136 4207 167 4262 ut
185 4209 250 4265 erat
270 4200 368 4282 plane
390 4199 444 4266 vir
464 4198 522 4264 ille
550 4198 669 4280 spiritu
690 4197 830 4281 quodam
853 4197 981 4263 heroico
1004 4197 1095 4262 affla-
1147 4221 1185 4264 ea
1215 4201 1380 4283 gravitate
1408 4222 1449 4266 ex
1478 4221 1544 4264 uno
1567 4199 1633 4264 Dei
1661 4197 1761 4264 verbo
1789 4199 2000 4264 confutarunt
2019 4208 2129 4262 XVIII..

136 4289 188 4363 tus,
208 4286 319 4351 multis
341 4305 418 4350 eum
441 4283 548 4349 verbis
570 4285 692 4350 frustra
715 4283 903 4362 obtestatus,
926 4293 964 4348 ut
985 4305 1095 4350 secum
1145 4285 1260 4351 Martii
1292 4307 1379 4352 anno
1405 4295 1592 4351 Muxxxvn
1616 4293 1671 4364 ut,
1704 4283 1791 4368 quod
1825 4301 1919 4348 rarae
1948 4282 2118 4350 cuiusdam

136 4373 228 4450 potius
249 4371 407 4438 Genavae
428 4369 591 4436 laboraret
620 4391 717 4452 quam
744 4369 875 4454 longius
897 4379 1094 4448 excurreret,
1145 4371 1206 4436 fuit
1227 4371 1400 4448 felicitatis,
1423 4372 1463 4436 ab
1486 4391 1524 4436 eo
1546 4380 1692 4456 tempore
1716 4371 1771 4436 vix
1793 4391 1879 4436 uuus
1902 4379 1959 4434 aut
1981 4371 2064 4434 alter
2084 4371 2118 4434 in

136 4475 185 4522 nac
215 4459 243 4522 ei
274 4457 370 4523 facile
392 4455 553 4522 Calvinus
586 4457 816 4522 assentiretur:
853 4461 900 4520 At
932 4475 992 4538 ego
1024 4455 1093 4534 tibi,
1145 4456 1207 4522 hac
1238 4457 1375 4522 ecclesia
1407 4457 1603 4540 adparuerit.
1656 4456 1753 4522 Alter
1785 4455 1939 4521 ccclesiae
1971 4453 2119 4520 turbator

137 4541 236 4688 ianuit,
257 4543 446 4690 etudiaftua
464 4541 668 4641 praetexenti¹
686 4541 845 4642 denuncio
852 4541 1094 4692 'omrdriqqtentis
1144 4542 1265 4692 {ogque
1277 4542 1386 4608 Oaroli
1406 4543 1540 4693 nodmine
1557 4541 1698 4607 maiores
1715 4549 1748 4606 et
1766 4540 1988 4692 diuturniorlqs
2005 4540 2118 4688 turbas

138 4635 928 4807 ..ttttthlttthll..ttthtlttlt
946 4647 1095 4796 ..tlt
1144 4635 2117 4795 tlttltltdtttttttfflgttlttttttt.

137 4817 231 4948 Ellelum
252 4798 620 4951 qquereuttieDotqlningsl
634 4797 818 4948 maledicat3
861 4799 940 4950 Iriagq³
956 4797 1095 4948 terribil{
1144 4799 1278 4950 mhi-{¹}
1299 4799 1341 4900 ad
1359 4801 1552 4952 Gryffiffltum
1574 4799 1842 4950 epgsthlatspllligi
1864 4797 2117 4949 ffifliboilibbbl

138 4906 537 5055 ιιιοἶὲιίἓξτξιιιιίιῗιῃθιοΙιιὶιιτιὶιιιιἹΒ
553 4905 719 5054 peitiiibliis,
746 4905 902 5054 Βιιθιῗοιιξιιιθ
919 4893 1093 5056 εξέιὶιὲἰὶθιι,
1143 4905 1429 5056 {biblperpeiblrbb
1447 4907 1567 5055 bbsbbla
1584 4907 1740 5052 tsanlipigm
1761 4905 1960 5036 hodigaton
1979 4987 2047 5067 nen
2068 4932 2117 5034 ita'

1144 5055 1184 5124 de
1205 5059 1276 5142 ipsa
1297 5059 1453 5124 meritum
1481 5056 1583 5122 eiecit
1627 5057 1730 5121 Venit
1757 5057 1859 5140 igitur
1886 5053 1942 5118 ille
1971 5075 2114 5138 primum

142 5143 324 5156 ¹¹——

215 5262 228 5315 l
258 5263 329 5319 aad.
346 5267 454 5319 racemi.
471 5262 621 5316 itineribus.
1226 5269 1241 5276 ·

214 5265 286 5401 linc
302 5333 491 5402 Friburgensir
510 5331 620 5386 ditionis
638 5345 688 5386 ota.
709 5329 783 5386 aad.
800 5335 907 5398 moult
1230 5333 1259 5403 1)
1275 5330 1350 5387 aad.
1368 5345 1436 5388 raca
1453 5348 1520 5402 prae
1538 5332 1694 5388 timiditate.
