4848 6120
119 371 175 432 137
943 369 1057 438 VITA
1083 369 1288 438 OAIrVINI.
2055 373 2117 440 188

198 557 280 624 fluit
301 557 356 624 bie
385 557 473 624 idem
500 575 609 624 annus
637 560 767 624 infamis
800 559 858 626 illa
886 559 961 644 plus
991 579 1090 642 quam
1143 559 1281 624 nimium
1304 555 1340 622 in
1362 578 1483 644 eongre
1526 559 1625 624 tionis
1646 567 1741 626 ooetu
1763 580 1834 625 sese
1853 559 2043 626 efferentem
2065 562 2117 626 in·

115 645 250 712 immani
273 643 471 722 earnifieina,
494 665 592 727 quam
611 647 767 728 Aquense
784 645 1033 711 Parlamentum
1055 647 1091 709 in
1142 665 1276 727 erepere
1303 644 1417 728 eoepit.
1497 665 1534 710 oo
1562 645 1619 710 ille
1647 665 1713 710 non
1744 645 1852 711 ferens
1881 646 2003 729 reperit
2022 647 2117 712 faeile

114 733 231 796 fiatres
253 727 450 796 Waldenses
471 729 676 796 Merindolae
706 743 738 796 et
767 730 932 797 Cabrieris
959 739 1092 814 totoque
1142 753 1185 795 ex
1202 731 1253 808 iia,
1271 729 1305 795 in
1324 751 1462 813 quorum
1480 730 2116 811 seelerainvehisolituseratOulvinus,

115 817 169 882 illo
191 823 316 892 motu,
346 835 414 880 uon
444 815 479 880 in
508 837 612 882 unum
641 825 700 882 aut
730 817 870 882 alterum
893 817 1091 902 quempiam,
1142 837 1279 898 quorum
1301 815 1458 881 favoreet
1471 815 1580 880 studio
1602 817 1821 894 adimeretur,
1845 816 1926 882 adeo
1947 827 1993 896 ut,
2015 838 2117 900 quum

116 901 229 967 sedin
251 900 387 986 populos
415 901 521 983 ipsos,
550 902 641 967 nullo
669 924 730 968 neo
759 904 877 968 aetatis
904 923 964 969 nee
993 923 1091 968 sexus
1142 903 1225 966 forte
1247 911 1399 984 ageretur
1429 899 1470 966 de
1491 910 1620 984 pastore
1650 904 1684 966 in
1714 901 1837 967 mortui
1866 902 1972 968 looum
2002 904 2117 968 aubro-

117 987 318 1064 disorimine‚
357 987 501 1052 inoensis
539 988 638 1052 etiam
670 988 754 1055 viois
788 988 943 1054 exerouit.
999 987 1091 1053 Haeo
1142 985 1265 1071 gando,
1298 987 1407 1071 palam
1439 987 1495 1052 ille
1528 1008 1602 1053 oum
1635 989 1703 1053 suis
1735 1009 1863 1054 eaerum
1893 988 2116 1054 ministerium

116 1083 225 1138 autem
257 1072 346 1138 mala
374 1071 551 1138 Calvinum
580 1071 781 1157 refugientes
810 1073 981 1140 Genavam
1010 1094 1091 1156 pau·
1142 1074 1289 1138 ambiret.
1340 1071 1429 1154 Quid
1458 1071 1592 1138 multis?
1625 1074 1818 1156 interposita
1850 1094 1910 1140 sua
1942 1073 2117 1140 autoritate

116 1159 202 1226 oulos
226 1158 383 1224 solantem
414 1177 452 1223 ao
472 1159 674 1226 relioientem
703 1179 741 1224 eo
763 1159 991 1225 vehementius
1018 1180 1091 1242 pre·
1142 1158 1235 1224 iubet
1256 1167 1391 1224 senatus
1411 1159 1507 1224 istius
1528 1158 1690 1224 rationem
1711 1159 1833 1224 haberi.
1875 1157 2014 1224 Obstitit
2041 1181 2116 1226 oum

116 1245 264 1322 mebant,
294 1243 380 1328 quod
409 1265 463 1309 eos
485 1253 583 1310 antea
603 1245 707 1311 literis
729 1246 962 1328 submissisque
982 1254 1089 1327 pasto·
1143 1244 1212 1310 suis
1238 1244 1372 1326 eollegis
1394 1243 1568 1320 (lalvinus,
1602 1255 1636 1310 et
1664 1253 1864 1328 quantopere
1892 1244 1945 1311 hio
1973 1245 2117 1314 ambitus

115 1329 203 1396 ribus
226 1349 309 1413 pure
329 1330 366 1394 in
388 1329 559 1414 evaugelio
580 1329 799 1397 instituendos
817 1337 946 1396 eurarat
968 1351 1092 1413 suaque
1142 1330 1243 1396 verbo
1272 1328 1337 1393 Dei
1369 1339 1568 1413 repugnaret
1599 1330 1757 1396 ostendit:
1795 1329 1998 1413 obtinuitque
2030 1332 2117 1396 bona

116 1413 200 1500 apud
231 1415 432 1482 Germaniae
459 1415 631 1498 Prinoipes
663 1425 697 1481 et
723 1416 914 1483 Helveticae
942 1417 1091 1482 eivitates
1142 1435 1216 1480 oum
1239 1425 1372 1481 senatus
1393 1416 1500 1492 venia,
1532 1427 1568 1480 ut
1590 1415 1719 1498 seriptis
1742 1415 1967 1482 ecelesiastiois
1988 1416 2115 1501 legibus

116 1499 347 1568 interoessione
369 1501 589 1586 parielitautes
611 1511 708 1566 antea
729 1511 885 1568 servarat.
1142 1509 1293 1566 staretur.

199 1587 372 1653 Glisoebat
397 1595 469 1651 tum
497 1607 624 1670 quoque
653 1609 784 1654 rursum
817 1587 936 1652 infelix
964 1587 1022 1654 illa
1051 1587 1092 1652 de
1227 1587 1334 1651 Erant
1356 1595 1435 1651 tuno
1456 1605 1584 1668 quoque
1606 1587 1641 1650 in
1652 1586 1771 1652 Galliis
1789 1587 1947 1665 nonnulli,
1969 1588 2024 1669 qui
2041 1607 2115 1670 per-

118 1693 214 1740 eoena
236 1671 373 1737 Domini
396 1672 586 1751 deoertutio,
608 1671 774 1740 Osiandro
795 1673 929 1738 homine
950 1673 1091 1758 superbo
1142 1671 1373 1754 sequutionum
1402 1681 1493 1736 metu
1520 1671 1616 1736 initio
1644 1671 1728 1754 lapsi
1749 1692 1890 1755 eousque
1917 1683 2031 1755 postea
2052 1674 2115 1740 sibi

117 1758 356 1841 monstrosique
383 1758 509 1842 ingenii
537 1760 675 1841 sopitam
708 1761 875 1825 flammam
905 1758 1090 1825 fodiente¹:
1143 1756 1272 1841 plaeere
1293 1766 1483 1842 eoeperant,
1505 1765 1544 1822 ut
1565 1777 1620 1823 eos
1640 1765 1802 1842 negarent
1823 1778 1971 1842 peeoare,
2001 1759 2115 1842 quiin

118 1843 199 1927 quod
221 1843 410 1910 inoendium
434 1844 606 1927 quominus
629 1842 689 1931 [tut
712 1856 748 1910 11.
771 1844 805 1932 6]
829 1845 1004 1928 sopiretur,
1033 1865 1093 1928 per
1144 1863 1254 1908 veram
1273 1843 1466 1928 religionem
1484 1843 1605 1908 intenti
1621 1863 1756 1927 corpore
1767 1843 1930 1908 duntaxat
1940 1844 2115 1926 pontifioiis

118 1929 293 1996 Calvinum
316 1937 405 1995 uerte
426 1950 492 1994 non
514 1932 621 2010 stetit,
652 1932 746 1997 ouius
767 1953 806 1996 ea
828 1929 868 1995 de
889 1951 925 1996 re
948 1931 989 1996 ad
1011 1931 1092 1996 Phi·
1144 1930 1245 1994 saeris
1277 1930 1480 1995 interessent.
1536 1928 1638 1994 Hune
1670 1927 1773 2014 igitur
1805 1929 2116 2013 perniciosissimum

117 2015 242 2098 lippum
264 2035 364 2080 uuam
391 2023 424 2080 et
453 2015 590 2080 alteram
619 2016 789 2100 epistolam
817 2017 974 2082 edendam
997 2035 1091 2081 eura·
1144 2033 1287 2078 emonem
1316 2015 1380 2079 iam
1410 2014 1488 2080 olim
1516 2035 1536 2078 a
1563 2014 1711 2098 patribus
1734 2015 1924 2080 damnatum
1946 2015 2114 2094 Calvinus,

119 2103 233 2168 vimus.
278 2099 346 2166 Sed
367 2099 538 2183 utriusque
559 2103 649 2168 sanis
671 2102 814 2168 oonsiliia
835 2101 963 2166 nullum
984 2101 1091 2168 looum
1143 2101 1235 2166 ouius
1256 2098 1306 2164 illi
1326 2101 1534 2166 severitatem
1564 2101 1700 2165 nimiam
1722 2122 1793 2167 esse
1814 2101 2049 2180 oausubantur,
2082 2109 2116 2166 et

120 2187 232 2252 tribuit
254 2187 324 2251 eius
344 2185 487 2252 hominis
508 2187 729 2271 intemperies,
752 2208 848 2271 quem
870 2197 1007 2271 uterque
1030 2187 1092 2252 Pe·
1143 2185 1263 2269 seripto
1273 2185 1441 2251 lueulento
1452 2185 1616 2264 refutavit,
1635 2195 1667 2250 et
1677 2185 1838 2252 adiuuetis
1853 2185 2115 2252 doetissimorum

120 2271 228 2338 riolem
251 2273 398 2338 voeabat.
1142 2271 1378 2353 theologorum,
1401 2271 1548 2355 Philippi
1569 2271 1848 2349 Melanebthonis‚
1871 2271 2001 2351 Buoeri,
2024 2272 2117 2338 Petri

200 2358 335 2422 Interea
355 2358 457 2440 pestis
478 2357 512 2422 in
535 2358 616 2422 urbe
638 2358 826 2424 desaeviens
848 2358 968 2424 multos
989 2358 1091 2424 bonos
1143 2357 1302 2442 Martyris
1329 2365 1363 2421 et
1390 2358 1544 2423 eoelesiae
1566 2358 1744 2441 Tigurinae
1766 2358 1937 2423 sententiis
1959 2358 2005 2422 ita
2027 2377 2118 2424 ooer·

121 2443 260 2508 tollebat
306 2441 465 2509 Calvinus
487 2450 597 2508 autem
618 2464 659 2508 ex
681 2451 839 2528 suggestu
860 2446 895 2509 in
918 2443 1091 2509 nonnullo·
1142 2444 1219 2520 uuit,
1242 2451 1280 2507 ut
1300 2442 1342 2507 ab
1364 2463 1402 2508 eo
1424 2453 1570 2526 tempore
1591 2445 1655 2526 piis
1678 2441 1828 2508 omnibus
1850 2444 2002 2508 foetuerit
2022 2444 2117 2510 Nieo·

121 2549 192 2594 rum
224 2528 351 2612 flagitia
384 2549 422 2594 ao
453 2529 645 2611 praesertim
679 2529 836 2597 adversus
868 2531 1090 2606 aeortationes,
1142 2527 1337 2592 domitarum
1359 2549 1488 2594 nomen.
1538 2529 1592 2594 Ita
1622 2529 1709 2595 enim
1731 2528 1781 2593 illi
1811 2529 2027 2608 amabantur,
2060 2529 2117 2612 qui

122 2634 200 2698 quae
221 2634 264 2677 ne
284 2621 357 2679 tum
378 2614 509 2696 quidem
531 2615 680 2680 desinere
700 2623 862 2698 poterant,
884 2636 944 2699 pro
966 2616 1090 2682 viribus
1142 2613 1246 2678 errori
1273 2633 1333 2679 suo
1361 2613 1556 2680 sanstissimi
1586 2615 1649 2678 viri
1680 2613 1770 2678 illius
1804 2614 1989 2698 exemplum
2022 2634 2116 2697 prae-

123 2698 308 2778 detonabat,
331 2700 425 2765 bonis
447 2700 577 2782 quidem
598 2699 870 2777 adsentientibus,
899 2701 957 2766 aed
977 2701 1090 2784 pauois
1141 2707 1301 2763 texerent.

123 2785 313 2869 quibusdam
342 2783 529 2866 δημαγωγοῖς
557 2786 716 2852 bonorum
744 2795 880 2853 eonatus
908 2787 1089 2870 infringen-

121 2873 212 2950 tibus,
234 2870 337 2937 doneo
358 2872 420 2954 ipsi
442 2891 513 2937 seso
535 2871 638 2950 ultro,
666 2872 761 2939 siouti
784 2893 843 2938 suo
865 2873 933 2938 loeo
955 2871 1089 2951 dioetur,
1226 2869 1327 2935 Hune
1365 2889 1488 2934 annum
1527 2869 1648 2953 alius¹l
1686 2871 1790 2936 nihilo
1830 2869 1942 2936 mitior
1976 2871 2113 2954 exeepit.

120 2956 311 3042 praeeipites
337 2955 510 3022 dederunt.
559 2957 744 3023 Aooedabat
771 2957 911 3041 denique
938 2957 979 3022 ad
1009 2957 1090 3023 haee
1141 2954 1378 3038 Praeterquam
1399 2956 1488 3020 enim
1513 2955 1598 3039 quod
1627 2956 1785 3022 adversus
1813 2957 1999 3040 frequentes
2027 2976 2115 3020 nun·

120 3042 219 3120 mala,
249 3040 335 3126 quod
361 3051 433 3108 tum
455 3061 583 3125 quoque
611 3063 675 3108 non
703 3041 855 3109 deessent
876 3063 993 3126 parum
1015 3041 1091 3107 illae
1141 3040 1208 3106 aios
1236 3039 1276 3104 de
1305 3039 1456 3107 Oaasaris
1485 3039 1643 3108 adversus
1670 3043 1862 3126 religionem
1892 3040 2115 3109 molitionibus

121 3128 247 3211 quidem
264 3128 480 3212 tempestivae
496 3128 537 3192 de
547 3129 619 3194 iure
630 3130 773 3196 civitatis
792 3128 1049 3212 disoeptationis:
1064 3131 1089 3209 ¹)
1142 3135 1175 3190 et
1195 3126 1359 3209 pontifiois
1379 3127 1529 3206 nanda,
1560 3148 1664 3211 aquo
1691 3128 1869 3195 submissos
1897 3125 2115 3195 inuendiarios

121 3235 182 3279 neo
196 3214 264 3298 pati
281 3221 418 3297 possent
432 3212 566 3279 aliunde
583 3213 696 3280 fideles
710 3223 859 3298 pastores
874 3215 1091 3281 eoelesiastiea
1141 3211 1305 3290 ferebant,
1327 3214 1571 3280 confirmandus
1593 3221 1665 3279 erat
1686 3215 1808 3280 oivium
1830 3212 1976 3278 animus:
2004 3212 2115 3297 deplo-

123 3299 204 3365 bona
227 3299 404 3382 pontifioiis
429 3307 541 3384 erepta
562 3320 626 3365 non
649 3300 696 3366 sio
713 3311 751 3366 ut
768 3301 911 3383 oportuit
928 3301 1090 3384 plerisque
1141 3297 1265 3363 randus
1292 3307 1363 3363 erat
1389 3300 1424 3363 in
1453 3320 1491 3365 eo
1519 3299 1693 3384 praeeipue
1713 3300 1869 3367 eivitatns
1892 3307 2006 3378 status,
2029 3297 2115 3382 quod

122 3385 197 3452 loeis
216 3385 448 3451 administrari.
493 3385 592 3450 Multi
621 3385 737 3471 tune²)
766 3387 937 3466 demeres,
967 3387 1091 3452 multae
1140 3391 1269 3447 tantum
1290 3385 1417 3450 abesset
1438 3393 1477 3450 ut
1494 3384 1717 3468 improborum
1735 3384 1916 3469 petulantia
1933 3391 1984 3450 tot
2000 3385 2115 3451 ferulis

125 3471 283 3554 querelae,
312 3470 410 3536 multi
432 3470 571 3553 denique
600 3471 770 3538 seribendo
801 3493 839 3539 ao
860 3471 1021 3556 loquendo
1043 3472 1089 3536 la·
1141 3467 1267 3534 domari
1289 3490 1324 3535 se
1346 3478 1530 3552 pateretur,
1560 3468 1610 3558 [B
1631 3469 1665 3558 6]
1696 3477 1734 3536 ut
1756 3479 1870 3538 eontra
1890 3470 1997 3554 magis
2018 3471 2114 3535 effer-

125 3555 220 3635 bores,
238 3557 296 3622 sed
313 3556 435 3622 tusus
452 3557 645 3642 plerumque
659 3559 811 3642 suseepti,
829 3567 941 3641 aperte
958 3557 1090 3641 quidem
1140 3563 1232 3618 retur
1271 3554 1415 3638 adeoque
1453 3576 1586 3638 prorsus
1624 3563 1819 3640 erumperet.
1879 3557 1988 3620 Erant
2027 3557 2115 3622 enim

125 3644 292 3724 profitente
302 3641 451 3720 Calvino,
470 3643 648 3726 sequidem
660 3651 709 3708 tot
726 3643 904 3729 sacrilegiis
914 3646 942 3722 8)
953 3644 1090 3708 minime
1141 3639 1255 3705 dueum
1284 3641 1369 3707 neoti
1392 3641 1606 3708 vanissimum
1628 3641 1777 3726 quidem,
1807 3640 1864 3707 sed
1894 3641 2050 3707 audaoem
2080 3649 2115 3706 et

125 3727 245 3808 favere,
281 3749 365 3811 quae
400 3727 559 3794 divinitus
592 3727 724 3794 tandem
756 3731 853 3796 eoiret
885 3731 1090 3795 severissime
1140 3726 1349 3791 ambitiosum
1371 3727 1522 3810 inprimis
1543 3731 1656 3811 (quem
1678 3728 1796 3794 ideireo
1818 3726 1980 3793 Calvinus
1999 3726 2114 3792 oomioi

126 3813 328 3891 vindioanda,
358 3813 415 3880 sed
438 3814 474 3878 in
496 3835 534 3880 eo
562 3823 673 3880 tamen
701 3816 825 3882 iustum
846 3813 909 3881 Dei
933 3815 1089 3882 iudioium
1142 3809 1294 3876 (laesuris
1316 3813 1448 3877 nomine
1476 3813 1510 3877 in
1539 3813 1609 3878 suis
1631 3814 1776 3898 epistolis
1798 3812 1980 3897 designat),
2014 3815 2113 3878 Amo-

127 3919 309 3981 aguosoere,
337 3899 422 3982 quod
450 3900 536 3965 bona
563 3910 630 3966 tum
658 3901 745 3966 male
766 3901 859 3984 prius
887 3921 907 3965 a
935 3901 1090 3966 saorifiois
1141 3897 1239 3962 deum
1260 3897 1438 3962 Perrinum
1458 3900 1598 3978 nomine,
1622 3901 1684 3965 boe
1705 3901 1803 3964 etiam
1825 3897 2018 3981 iampridem
2036 3918 2113 3964 oon·

128 3987 275 4067 aequisita
296 4005 364 4050 non
386 3985 511 4051 sineret
530 3985 695 4052 Dominus
717 3987 925 4053 eooleeiarum
955 3988 1090 4053 aerariis
1141 3991 1325 4065 sequutum,
1348 3991 1385 4047 ut
1406 3983 1569 4068 generalis
1592 3984 1791 4070 Oapitaneus
1811 3985 1924 4068 populi
1948 3983 2113 4068 suffragiis

127 4070 241 4136 inferri.
1140 4076 1315 4133 orearetur.
1359 4068 1394 4134 Ia
1416 4080 1507 4136 ratus
1528 4069 1561 4135 id
1585 4071 1670 4154 quod
1691 4091 1746 4136 res
1767 4081 1847 4148 erat,
1880 4077 1968 4134 stare
1989 4089 2024 4134 se
2046 4069 2113 4134 sui-

205 4157 281 4222 Alia
318 4164 490 4240 praeterea
529 4156 651 4240 duplex
690 4157 873 4224 sollieitudo
913 4157 1090 4225 (lalvinum
1142 4173 1205 4236 que
1222 4153 1345 4220 similes
1363 4156 1548 4240 vigentibus
1569 4157 1695 4239 legibus
1713 4176 1750 4221 ao
1767 4155 1959 4239 praesertim
1971 4153 2113 4221 Oalvino

129 4239 231 4306 eodem
252 4243 313 4308 hoe
335 4262 421 4307 anno
443 4241 530 4308 domi
553 4243 651 4308 simul
674 4251 708 4308 et
728 4243 807 4309 foris
826 4245 976 4310 exorauit
1023 4243 1089 4310 Ro·
1141 4239 1270 4304 assidue
1299 4240 1457 4307 adversus
1490 4262 1603 4307 eorum
1638 4242 1806 4308 laseiviam
1840 4241 2014 4306 detonante
2045 4261 2113 4305 non

131 4325 226 4392 dierat
246 4339 316 4393 tum
340 4327 510 4394 Genavam
540 4329 680 4412 patriam
708 4351 800 4395 suam
823 4337 989 4396 veterator
1019 4330 1090 4414 qui·
1140 4345 1243 4408 posse,
1266 4325 1401 4392 tandem
1418 4327 1496 4410 quid
1513 4349 1581 4393 una
1597 4348 1671 4393 oum
1689 4328 1758 4392 suia
1775 4326 1989 4392 meditaretur
2000 4333 2112 4410 aperte

132 4410 197 4477 dam
218 4414 369 4496 quamvis
391 4411 499 4480 adbu'o
520 4415 667 4494 iuvenis,
695 4425 867 4499 postquam
890 4416 1090 4500 aliquamdiu
1140 4409 1203 4475 hoe
1225 4431 1311 4476 anno
1328 4412 1465 4494 prodere
1482 4415 1604 4497 eoepit:
1628 4413 1830 4498 quodquam
1848 4412 2112 4478 animadversum

130 4501 289 4566 eremitam
299 4501 335 4564 in
347 4499 468 4565 Galliis
479 4499 673 4566 simulasset.
706 4503 793 4566 Eum
808 4502 1090 4585 pietatisspeoiem
1141 4497 1237 4560 simul
1272 4518 1310 4562 ao
1342 4519 1528 4582 repressum
1560 4500 1674 4566 fuisset
1701 4506 1888 4565 senatorum
1924 4499 2111 4575 autoritate,

131 4582 214 4649 initio
233 4607 312 4668 prae
333 4606 369 4651 se
389 4585 549 4651 ferentem
561 4586 719 4653 Calvinus
738 4587 851 4669 (bomo
873 4587 902 4653 si
919 4591 1090 4672 quisquam
1140 4582 1243 4647 tatuit
1263 4585 1334 4666 ipse
1355 4585 1496 4668 quidem,
1518 4585 1576 4650 sed
1596 4585 1644 4650 ita
1664 4591 1702 4650 ut
1723 4605 1800 4650 mox
1823 4583 1968 4666 apertius
1989 4585 2111 4666 impro-

131 4668 204 4735 ulius
223 4672 258 4735 in
279 4670 563 4754 deprehendendis
579 4672 719 4738 aliorum
736 4673 877 4758 ingeniis
895 4674 1021 4758 sagaris
1038 4695 1090 4738 so·
1141 4667 1225 4732 bitae
1248 4689 1318 4735 sese
1343 4671 1503 4753 proderat.
1547 4671 1632 4737 Eoos
1653 4671 1741 4736 enim
1762 4670 1860 4753 paulo
1881 4677 1956 4753 post
1977 4689 2018 4734 ex
2040 4670 2110 4751 ipso

129 4751 273 4840 lertisque
292 4757 436 4840 iudieii),
468 4779 569 4842 quum
589 4779 667 4823 mox
688 4759 893 4843 agnovisset,
916 4761 1090 4826 admonere
1140 4763 1259 4818 senatu
1290 4755 1420 4839 quidam
1456 4757 1493 4820 in
1519 4756 1687 4822 bominum
1717 4765 1809 4822 uoetu
1838 4756 1918 4821 eatis
1946 4753 2111 4836 frequenti

130 4841 261 4920 primum
290 4862 328 4909 ao
356 4863 433 4910 mox
464 4845 600 4910 liberius
632 4845 746 4925 etiam,
778 4853 891 4928 postea
922 4847 1090 4913 ambitiose
1140 4837 1314 4906 calvinum
1340 4849 1378 4906 ut
1406 4841 1489 4907 falsa
1516 4842 1685 4908 dueentem
1704 4841 1851 4926 eorripit,
1881 4839 2047 4906 aduobus
2068 4859 2110 4904 ex

1140 4934 1306 5007 pastorum
1333 4927 1468 5013 eollegio
1496 4928 1549 5010 (ut
1576 4928 1798 5010 exisumatur)
1830 4925 2014 4992 elaneulum
2046 4925 2110 4990 im-

1139 5010 1269 5093 pulsus,
1299 5011 1424 5080 ebrioso
1452 5021 1607 5098 utroque,
1636 5034 1696 5080 nee
1725 5014 1836 5080 minus
1866 5031 1962 5096 quam
1990 5010 2110 5076 eaeteri

132 5153 146 5207 d
206 5086 234 5155 1)
249 5085 323 5168 qaod
338 5091 398 5166 tum
416 5099 638 5164 eumaeum
660 5091 735 5166 aaa
758 5086 1089 5168 asperitatemque
1139 5099 1347 5165 severitatem
1375 5100 1485 5185 legum
1506 5108 1684 5166 metuente.
1727 5101 1774 5165 Et
1801 5098 1888 5164 huno
1909 5095 2040 5181 quiden
2061 5095 2109 5161 lu-

147 5171 287 5360 aprp'prus
305 5171 373 5224 reip.
392 5153 559 5208 Genesaram
575 5151 747 5208 fmnltatrbns
768 5163 865 5224 eoepit
902 5153 991 5224 (Eud.
1008 5157 1089 5226 reae.)

131 4997 322 5010 m

204 5221 221 5276 2
250 5224 312 5306 ltine
327 5221 564 5306 igimr·(eaedau).

249 5297 295 5347 isti
311 5292 475 5349 amomon
490 5290 629 5360 (eodem).
1227 5288 1255 5359 1)
1272 5287 1419 5344 MDXLVL
