4848 6120
299 451 360 514 143
1086 439 1331 510 rfluouoffl
1351 441 1503 508 Butae
2236 445 2296 510 144

297 640 471 710 constaret,
492 631 586 698 ouius
608 635 718 696 umen
739 649 838 696 causa
854 629 946 696 litem
965 649 1032 694 non
1050 649 1121 697 esso
1138 648 1272 695 moven-
1324 650 1421 712 quem
1432 629 1610 714 Calvinum
1630 630 1836 712 lacesserent,
1855 629 2019 710 incitatus,
2032 631 2179 717 palam¹)
2194 650 2294 698 ansus

299 721 376 786 dam
414 717 575 784 Oalvinus
617 715 829 783 existimavit.
884 713 1129 782 Offendiculum
1161 727 1272 780 autem
1323 715 1428 782 estin
1450 718 1521 800 ipso
1543 717 1805 801 congregationis
1826 727 1921 783 coetu
1942 715 2172 798 xuootobr,
2195 737 2295 801 quum

298 806 375 872 inde
397 826 416 870 a
437 801 604 869 nonnullis
632 809 801 885 acceptum
823 800 963 868 Oalvino
987 799 1035 888 [B
1057 797 1092 887 8]
1121 798 1273 883 praebuit
1322 801 1379 867 ille
1407 801 1541 868 Ioannis
1571 802 1661 868 locus
1689 801 1724 888 (8
1747 825 1777 870 v.
1798 801 1856 886 47)
1885 803 2121 886 explicaretur:
2158 801 2225 884 qni
2253 823 2294 868 ex
2411 812 2412 882 f

299 890 402 958 libelli
430 889 470 954 de
492 885 665 955 Scandalis
693 886 856 954 scribendi
881 887 1100 965 occasionem,
1121 887 1272 951 Lauren·
1322 886 1396 952 Deo
1422 899 1485 968 est,
1519 887 1621 952 verba
1650 889 1714 954 Dei
1732 887 1839 968 audit,
1872 897 1906 954 et
1927 889 2002 972 quia
2024 909 2091 954 nou
2112 888 2232 955 auditis
2253 909 2295 954 ex

298 978 346 1042 tio
373 972 574 1042 Normendic
588 972 613 1058 ¹)
643 973 857 1058 integerrimo
889 973 1057 1056 veterique
1089 973 1193 1038 amico
1222 971 1271 1036 in·
1321 973 1393 1038 Deo
1415 993 1482 1039 non
1504 974 1591 1051 ostis,
1614 973 1753 1039 liberum
1774 974 1946 1040 arbitrium
1963 985 1998 1040 et
2013 995 2147 1058 operum
2165 975 2294 1058 praevi·
2411 1021 2412 1038 ι

299 1063 421 1146 scripti.
1322 1059 1447 1124 sionem
1466 1059 1508 1124 ad
1519 1069 1671 1125 aeternae
1687 1058 1992 1142 praedestinationis
2010 1059 2177 1127 decretum
2187 1059 2294 1128 causis

1321 1145 1474 1210 omnibus
1503 1145 1603 1210 otiam
1625 1144 1740 1211 ordine
1768 1147 1956 1230 superius²)
1978 1145 2206 1224 evertendum,
2237 1143 2295 1210 ad·

306 1297 310 1308 ,
384 1232 495 1299 Huius
528 1237 637 1296 autem
670 1229 792 1295 biennii
835 1227 1105 1311 tranquillitatem
1138 1227 1273 1294 dissidia
1321 1229 1412 1296 ieetis
1430 1231 1528 1296 otiam
1545 1230 1707 1298 incoram
1725 1228 1907 1296 doctrinam
1926 1231 2130 1298 contumeliis
2144 1231 2295 1314 fastuque

299 1319 475 1406 sequentia,
497 1315 759 1400 quinquagesimi
777 1317 874 1399 primi
896 1335 1014 1398 nempe
1028 1336 1128 1398 supra
1146 1314 1271 1398 sesqui·
1322 1336 1413 1381 mere
1439 1314 1589 1382 seditioso
1625 1317 1786 1399 proferro:
1821 1317 1918 1401 idque
1947 1337 1985 1382 eo
2020 1325 2056 1382 ut
2086 1318 2295 1384 existimatur

299 1403 518 1482 millesimum,
536 1401 629 1467 laede
646 1411 909 1484 compensarunt.
940 1401 1026 1466 Nam
1043 1408 1271 1484 praeterquam
1324 1401 1478 1468 audacius
1499 1401 1586 1485 quod
1615 1402 1699 1468 forto
1720 1401 1900 1468 Calvinum
1921 1423 1981 1470 suo
2002 1403 2072 1468 loco
2093 1423 2159 1468 non
2181 1400 2296 1468 seden-
2412 1439 2413 1446 ι

300 1490 387 1577 quod
410 1489 469 1554 toti
492 1487 645 1554 ecclesiae
667 1508 705 1553 ae
726 1487 865 1553 Calvino
886 1487 1083 1553 nominatim
1104 1487 1272 1552 luctuosus
1322 1495 1390 1552 tem
1417 1486 1531 1553 abesse
1560 1488 1716 1554 crederet.
1759 1488 1806 1553 Et
1827 1488 1940 1554 aberat
1961 1487 2091 1572 quidem
2112 1489 2167 1554 illo
2188 1488 2294 1554 initio.

299 1579 362 1644 tuit
381 1573 505 1642 Buceri
525 1581 647 1651 morte,
680 1593 778 1655 quom
811 1574 921 1640 vuum
944 1593 1070 1638 summe
1103 1571 1271 1648 dilexerat,
1322 1573 1390 1639 Sed
1411 1593 1450 1638 eo
1471 1593 1656 1639 sermonem
1688 1575 1836 1658 ingresso
1857 1575 2090 1657 superveniens
2111 1595 2195 1658 pone
2215 1573 2296 1640 alios

299 1664 443 1745 itemque
476 1657 636 1725 Ioaehimi
668 1657 811 1724 Vediani
853 1658 996 1726 consulis
1036 1656 1271 1741 Sangallensis,
1322 1659 1498 1726 nonnullos
1515 1680 1587 1726 sese
1604 1659 1821 1726 continuerat.
1855 1660 1968 1724 Finita
1985 1659 2296 1726 monachioratioue

299 1749 365 1816 viri
388 1743 548 1827 singulari
577 1753 646 1809 tum
675 1743 797 1826 pietate
825 1751 896 1810 tum
925 1742 1107 1810 eruditione
1133 1740 1272 1826 praediti
1322 1743 1482 1810 Calvinus
1514 1753 1649 1829 repente
1681 1765 1857 1829 apparens,
1899 1745 2049 1829 quamvis
2080 1745 2179 1828 plano
2211 1744 2295 1809 nibil

298 1833 443 1910 interitu,
466 1829 618 1896 efferbuit
638 1829 846 1896 factiosorum
873 1830 1064 1913 improbitas
1092 1849 1130 1894 oo
1156 1827 1272 1893 arden·
1322 1841 1419 1896 antea
1451 1831 1516 1896 talo
1537 1831 1731 1910 meditatus,
1764 1841 1837 1896 tum
1869 1841 1955 1898 corte
1988 1832 2017 1898 si
2049 1851 2194 1915 unquam
2216 1830 2297 1898 alias

298 1921 385 1997 tius,
421 1938 485 2001 quo
507 1915 631 1981 diutius
653 1915 759 2000 sopita
781 1915 969 1981 delituerat:
1003 1914 1083 1980 adeo
1105 1927 1143 1980 ut
1163 1913 1271 1996 palam
1322 1916 1377 1998 qui
1411 1915 1462 1982 vir
1494 1925 1581 1983 esset
1612 1915 1763 1982 ostendit.
1808 1916 1979 2000 Siquidem
2011 1917 2106 1982 illum
2135 1923 2184 1982 tot
2205 1913 2298 1982 verbi
2413 1940 2414 1968 ι

298 2011 458 2089 negarent
479 2023 554 2068 cum
582 1999 834 2068 advocantibus
855 2000 1022 2067 exsulibus
1050 2001 1102 2066 ius
1130 1999 1272 2066 civitatis
1323 2001 1426 2066 divini
1459 2003 1668 2079 testimoniis,
1702 2011 1752 2068 tot
1772 2003 1951 2088 Augustini
1983 2003 2175 2086 praesertim
2208 2001 2297 2080 locis,
2413 1999 2414 2046 l

298 2087 623 2164 communicandum,
656 2107 717 2153 nee
737 2109 776 2153 eo
798 2088 944 2154 contenti
966 2086 1142 2153 Calvinum
1161 2087 1272 2168 ipsum
1322 2095 1371 2152 tot
1393 2087 1530 2170 deniquo
1551 2097 1684 2171 tamque
1706 2087 1864 2172 gravibus
1884 2089 2087 2172 argumentis
2104 2087 2297 2165 confutavit,

299 2199 344 2244 ex
365 2175 519 2240 concione
540 2181 632 2238 trans
643 2171 843 2239 Rhodanum
865 2171 980 2240 habita
1000 2173 1191 2238 redeuutem
1213 2191 1273 2253 per
1322 2173 1479 2256 perculit,
1508 2173 1632 2253 obruit,
1665 2183 1704 2238 ut
1731 2194 1845 2238 omnes
1872 2183 2004 2258 praeter
2024 2175 2202 2256 ipsummet
2223 2193 2298 2256 per·

299 2261 477 2329 ludibrium
499 2258 676 2343 pulsurint,
710 2269 743 2326 et
763 2255 999 2343 Raymnndum
1021 2259 1091 2324 eius
1114 2256 1273 2340 collegam
1323 2257 1438 2324 frictae
1457 2258 1574 2324 bonus
1591 2258 1790 2324 monachum
1808 2259 1909 2341 ipsius
1927 2257 2298 2343 vehementerpuderet.

298 2359 392 2414 nocte
413 2345 535 2427 torua)
553 2353 687 2427 pontem
703 2343 858 2410 Rhodani
875 2351 1102 2410 transeuntem
1120 2354 1273 2424 exempta
1323 2343 1448 2409 Aderat
1475 2345 1511 2408 in
1538 2346 1608 2427 ipsc
1640 2343 1845 2410 audientium
1867 2351 1961 2411 coetu
1982 2365 2182 2415 assessorum
2203 2365 2299 2428 prae·

298 2433 414 2500 furtim
435 2430 558 2498 sublica
579 2451 682 2513 paene
709 2431 744 2494 in
773 2431 958 2496 subiectum
986 2429 1125 2496 fluvium
1148 2428 1273 2512 praeci·
1323 2430 1403 2495 toris
1435 2449 1534 2507 unus,
1568 2450 1706 2512 quorum
1733 2430 1769 2494 in
1797 2428 1879 2495 urbe
1905 2430 1957 2496 ius
1984 2430 2211 2514 prehensionis
2240 2443 2298 2495 eet

298 2519 450 2604 pitarint:
486 2515 625 2598 deniquo
646 2515 682 2580 in
703 2516 774 2599 ipso
795 2517 876 2582 Divi
898 2516 1051 2582 Gervasii
1079 2514 1199 2598 templo
1222 2525 1273 2578 tu·
1323 2515 1359 2580 Is
1379 2515 1473 2580 illum
1495 2513 1629 2582 dimisso
1651 2523 1746 2580 coetu
1768 2525 1925 2598 tanquam
1957 2515 2147 2582 seditiosum
2168 2517 2205 2580 iu
2226 2537 2301 2582 cus·

299 2605 443 2672 multum
464 2623 531 2667 non
553 2622 694 2684 parvum
716 2621 755 2667 eo
776 2610 949 2686 praetextu
968 2601 1156 2676 excitarint,
1188 2597 1273 2682 quod
1325 2599 1449 2666 todiam
1479 2601 1588 2665 tradit
1633 2599 1721 2680 Quid
1750 2599 1869 2684 plura?
1912 2599 2023 2667 (lausa
2050 2601 2163 2668 multis
2191 2600 2302 2682 dispu-
2414 2635 2415 2680 ι

299 2691 451 2758 minister
471 2687 587 2753 intanti
611 2686 653 2752 ad
670 2687 869 2770 baptismum
886 2686 994 2753 oblato
1010 2686 1124 2752 indere
1135 2683 1273 2750 Baitha·
1324 2685 1469 2752 tionibus
1502 2687 1625 2770 agitata
1654 2694 1786 2752 senatus
1807 2685 2055 2752 Helvetiearum
2077 2687 2176 2752 etiam
2197 2687 2300 2752 eecle-

299 2776 384 2845 saris
405 2794 541 2852 nomen,
570 2772 741 2856 (queniam
766 2771 801 2838 id
830 2771 950 2840 diserte
976 2771 1105 2857 logos³l
1134 2771 1274 2853 scriptae
1325 2773 1448 2838 siarum
1470 2773 1667 2838 sententiam
1695 2779 1905 2855 percontatus
1931 2772 2026 2837 illum
2055 2780 2126 2838 tum
2154 2779 2192 2837 ut
2214 2771 2301 2838 sodi-

299 2863 341 2928 ob
370 2871 492 2930 certam
520 2879 653 2926 causam
679 2857 909 2942 prohibebant)
942 2865 1117 2926 recusaret
1160 2855 1273 2938 Neque
1325 2858 1461 2937 tiosum,
1495 2867 1566 2922 tum
1593 2865 1632 2922 ut
1652 2878 1742 2924 more
1761 2857 1977 2940 Pelagianum
1998 2855 2298 2924 XX111.Decembr.

299 2955 371 3014 tum
393 2945 551 3012 advemm
572 2943 653 3010 baec
674 2944 761 3010 mala
783 2943 960 3028 quidquam
982 2951 1062 3024 erat,
1086 2941 1174 3026 quod
1195 2941 1272 3008 (lal-
1324 2944 1452 3026 publice
1474 2943 1665 3009 damnatum
1687 2943 1767 3008 urbe
1788 2943 1924 3026 expulit,
1947 2944 2140 3009 fustuarium
2160 2963 2301 3028 poenam

299 3034 399 3102 vinus
420 3044 609 3183 (grponoret,
632 3038 762 3114 praeter
779 3029 898 3096 fortem
914 3029 1136 3112 invictamque
1147 3028 1272 3112 pation-
1324 3029 1480 3108 minatus,
1503 3030 1532 3095 si
1553 3029 1607 3097 vel
1628 3029 1663 3094 in
1685 3028 1766 3094 urbo
1787 3027 1839 3094 vel
1862 3029 1896 3094 in
1916 3028 2006 3096 urbis
2026 3029 2190 3096 territorio
2212 3035 2301 3097 esset

299 3120 391 3186 tiam.
457 3114 499 3182 ed
520 3125 555 3182 et
575 3114 666 3180 aliud
687 3135 809 3181 novum
830 3115 954 3180 malum
972 3114 1201 3181 Genevensem
1221 3133 1273 3178 ee·
1325 3113 1556 3198 deprehensus.
1600 3113 1677 3198 Ipse
1697 3122 1812 3198 postea
1832 3115 1868 3180 in
1890 3115 2037 3182 vicinum
2065 3114 2221 3199 oppidum
2243 3115 2301 3182 de-

300 3205 434 3272 clesiam
461 3221 519 3285 per
545 3199 580 3266 id
601 3209 732 3284 tempus
754 3199 884 3266 invasit.
928 3198 1030 3266 Dedit
1051 3207 1162 3265 autem
1183 3219 1273 3264 ocea-
1324 3201 1472 3285 migrans
1503 3200 1625 3266 multas
1657 3221 1858 3284 magnasque
1897 3199 2009 3266 turbes
2049 3199 2155 3281 dedit,
2196 3199 2300 3268 denec
2415 3223 2416 3280 ῖ

300 3289 428 3357 sionem
436 3287 464 3372 ⁴)
486 3285 712 3370 Hieronymus
743 3285 876 3368 quidam
897 3285 1053 3351 Bcbecus
1075 3306 1118 3351 ox
1139 3282 1274 3352 Carme-
1325 3285 1488 3351 Beruensi
1510 3306 1637 3369 quoque
1658 3285 1781 3352 ditione
1802 3286 1852 3352 bis
1874 3286 2047 3370 expulsus,
2079 3287 2300 3352 ministerium

299 3375 435 3441 litarum
467 3371 622 3439 societate
653 3371 806 3438 Lutetiae
847 3371 1040 3438 monachus:
1084 3371 1140 3454 qui
1173 3391 1274 3453 quum
1325 3371 1362 3434 in
1395 3371 1532 3438 Gallicis
1565 3371 1710 3438 ecclesiis
1741 3371 1904 3450 ambiens,
1936 3391 2017 3456 quas
2045 3381 2116 3438 tum
2146 3372 2300 3456 pacificas

301 3461 426 3544 aliquot
446 3465 523 3524 ante
545 3477 647 3524 annos
668 3456 796 3524 cuculla
822 3456 953 3541 quidem
980 3456 1106 3523 abiecta
1126 3454 1184 3522 sod
1205 3477 1274 3523 mo·
1324 3456 1393 3522 fore
1414 3457 1566 3540 putabat,
1600 3457 1768 3523 Lutetiam
1797 3459 1939 3540 primum
1967 3455 2107 3540 indeque
2128 3457 2300 3524 Aureliam

300 3545 471 3613 nacbiamo
493 3545 658 3626 retenw)
680 3544 887 3628 profugisset,
909 3541 997 3608 idom
1018 3543 1118 3608 etiam
1139 3540 1275 3626 decepta
1325 3543 1464 3622 veniret,
1487 3542 1722 3626 poenitentiam
1750 3543 1843 3610 miris
1865 3542 1990 3609 artibus
2012 3543 2171 3610 simulans
2193 3543 2299 3610 ultro-

300 3627 659 3700 FerrariensiDucissa
676 3630 716 3696 ab
734 3629 811 3713 eal)
830 3628 942 3712 pulsus
959 3650 996 3695 ac
1014 3627 1147 3693 tandem
1166 3629 1274 3694 triduo
1325 3647 1388 3711 que
1410 3649 1484 3695 oum
1496 3629 1688 3696 Genovensi
1709 3629 1844 3695 ecclesia
1857 3629 2154 3695 reconciliationem
2189 3637 2299 3696 etone:

300 3717 447 3784 modicus
474 3715 581 3782 lactus
603 3713 774 3782 Generum
796 3722 947 3782 venerat:
977 3713 1033 3780 ubi
1060 3735 1161 3798 quum
1188 3715 1275 3781 inter
1324 3712 1412 3796 quod
1433 3735 1534 3798 quum
1555 3715 1681 3797 reipsa
1701 3715 1918 3798 praestiturus
1939 3714 2120 3794 videretur,
2142 3649 2199 3780 nbi
2221 3735 2299 3781 con·

300 3801 447 3871 eruditos
466 3800 609 3868 medicos
630 3801 720 3867 nullo
740 3799 810 3868 loeo
831 3808 917 3866 osset
937 3809 977 3866 ut
992 3821 1064 3869 sese
1085 3799 1276 3888 theologum
1325 3807 1376 3864 tra
1398 3821 1496 3883 quam
1517 3808 1665 3885 sperarat
1686 3801 1838 3867 ecclosias
1859 3801 1961 3885 affligi
1982 3799 2223 3880 animadvertit,
2245 3821 2299 3866 re-

301 3911 373 3957 esso
394 3887 589 3966 ostenderet,
612 3887 731 3954 laisum
752 3897 786 3954 ot
818 3885 1038 3968 utendumq
1059 3887 1213 3972 quiddam
1235 3887 1275 3955 de
1324 3885 1428 3968 potita
1454 3884 1616 3953 medicina
1642 3885 1683 3950 cd
1710 3887 1823 3952 hostes
1851 3887 2014 3971 evangelii
2040 3886 2212 3953 manifesta
2241 3885 2298 3954 do-

300 3973 595 4061 praedestiuatione
616 3973 703 4040 inter
720 3973 882 4058 aliquos⁸)
906 3993 944 4039 ac
965 3972 1098 4040 tandem
1120 3975 1220 4040 etiam
1239 3977 1274 4040 in
1324 3971 1460 4037 tectione
1482 3973 1599 4054 (uxore
1621 3993 1748 4056 quoque
1765 3973 1929 4039 canonicis
1946 3971 2299 4056 Augustoduneusibus

301 4059 563 4145 congregationis
584 4071 679 4125 coetu
701 4059 883 4126 blateravit
922 4059 1010 4125 iilum
1028 4058 1187 4126 Oalvinus
1207 4061 1274 4144 pri·
1324 4056 1513 4142 prostituta)
1535 4057 1697 4137 transivit,
1720 4059 1807 4124 unde
1828 4079 1916 4124 nunc
1937 4057 2038 4123 etiam
2054 4057 2172 4141 quibus
2189 4065 2298 4142 potest

301 4168 394 4214 mum
422 4144 589 4210 moderata
620 4145 875 4229 reprehensione
907 4149 1120 4228 contentus⁹l
1151 4147 1273 4212 rebita-
1324 4141 1503 4208 maledictis
1521 4144 1696 4210 veritatem
1713 4143 1900 4227 proscindit
1940 4145 1987 4208 At
1997 4144 2154 4212 (lanosae
2170 4145 2299 4211 interea

301 4241 413 4310 verat,
441 4227 559 4297 deinde
580 4230 622 4296 ad
639 4251 675 4297 ee
697 4237 848 4298 vocatum
876 4229 990 4298 docere
1011 4229 1148 4298 meliora
1168 4231 1275 4298 fuerat
1324 4227 1405 4295 colle
1429 4229 1496 4294 'um
1523 4229 1750 4296 ministrorum
1778 4231 1814 4295 iu
1840 4227 1969 4313 publico
1998 4237 2092 4296 coetu
2113 4249 2227 4296 veram
2256 4229 2297 4296 do

302 4329 446 4386 mustus.
479 4318 526 4382 At
547 4316 611 4396 ille,
633 4318 704 4384 sive
725 4317 901 4383 ambitione
921 4317 1100 4384 monastiea
1162 4319 1273 4398 reitue,
1324 4335 1402 4397 prae
1425 4315 1620 4381 estinatione
1669 4315 1850 4383 doctrinam
1892 4313 2056 4394 adseruit,
2104 4313 2298 4400 publicoque

302 4405 373 4472 eive
400 4401 529 4468 abillis
555 4403 697 4470 factiosis
724 4403 918 4487 iampridem
946 4403 1116 4487 quaerenti
1138 4426 1192 4484 us,
1214 4425 1274 4488 por
1324 4401 1444 4484 scripto
1463 4400 1615 4484 deinceps
1641 4423 1661 4468 a
1683 4401 1823 4468 Oalvino
1852 4400 2121 4483 comprehensam
2148 4420 2296 4484 compro·

1324 4486 1429 4554 bavit:
1464 4486 1526 4554 hoc
1553 4508 1655 4552 lmutu
1673 4488 1747 4553 istis
1767 4484 1909 4554 dissidiis
1936 4496 2137 4570 consequuto
2159 4485 2295 4566 Satana,

1323 4581 1361 4638 ut
1381 4579 1480 4657 caput
1500 4572 1563 4640 hoe
1584 4571 1781 4640 christianae
1802 4572 1969 4657 religionis
1986 4573 2084 4640 antea
2104 4573 2294 4642 obscurissi-

388 4675 403 4730 1
435 4676 543 4732 Nema·
552 4673 695 4732 Numana
711 4693 727 4731 ο
743 4677 883 4748 provincia
893 4677 1059 4734 normannia
1068 4679 1272 4748 emmam,
1323 4680 1414 4724 mum
1432 4657 1609 4725 dilucidum
1631 4661 1903 4744 perspicuumque
1924 4659 2051 4726 eunetis
2071 4679 2138 4726 non
2159 4667 2293 4728 eonten-

302 4747 376 4819 qaod
388 4677 511 4868 Zorlanae
528 4744 562 4800 de
579 4745 635 4800 otri
650 4748 740 4802 alcas
757 4745 835 4802 calet
1322 4745 1415 4812 tiocia
1435 4745 1583 4810 evaserit,

302 4575 507 4590 μ

435 4811 609 4870 &eume
625 4813 690 4870 αδδ.
707 4815 742 4868 ad
759 4815 929 4870 invisendum
946 4819 1092 4886 asgotum.

437 4881 560 4938 Enedm
576 4881 641 4938 add.
661 4885 715 4938 ianr
735 4883 829 4937 ridem.
1683 4915 1691 4930 .
2094 4917 2102 4930 .
2269 4915 2276 4928 .

387 4951 405 5006 4
435 4953 523 5006 nunc
539 4969 620 5006 cama
636 4953 694 5034 fnit
711 4901 819 5034 ἕως.)
1408 4919 1506 4984 Anno
1535 4937 1613 4982 vero
1641 4915 1793 5002 deinceps
1814 4923 1949 5017 sequuta
1959 4917 1988 5000 ⁸)
2016 4935 2131 5018 magis·
2143 4925 2294 5016 apparuit

388 5021 406 5142 ἓ
437 5020 558 5144 Eat?
574 5021 638 5076 odd.
657 5037 686 5076 m
702 5023 818 5076 lostam.
1323 5013 1478 5088 quantam
1511 5003 1678 5069 Ηιιιιιιιιιιιι
1709 5001 1908 5072 accendisset
1939 5022 2090 5087 impurus
2122 5001 2192 5084 rllo,
2218 5002 2293 5070 hcet

435 5105 485 5145 osc
504 5107 521 5142 a
557 5105 598 5144 ea

435 5175 510 5212 mere
527 5157 700 5228 Pelagianum
717 5157 854 5228 (eudon)

389 5225 407 5281 8
436 5226 500 5284 αδδ.
518 5228 647 5298 privatim
664 5227 780 5298 primurn
798 5233 822 5283 ei
840 5241 889 5284 aar.
907 5243 939 5281 ac
961 5226 1071 5282 tandem
1087 5227 1117 5282 in
1131 5242 1274 5299 congrega·
1409 5227 1425 5282 l
1456 5225 1651 5307 adamandam

302 5295 386 5352 tionis
403 5301 490 5351 coetu
1409 5297 1428 5352 2
1457 5311 1544 5349 cauare
1560 5333 1669 5350 .....
1687 5295 1812 5365 superius
1825 5309 1875 5352 cat.

388 5363 419 5435 9)
434 5365 499 5422 odet
516 5364 597 5420 domi
1409 5365 1427 5420 3
1455 5363 1563 5420 MGLH.
