4848 6120
172 327 230 388 153
1007 323 1121 392 VHA
1142 323 1346 392 CAININI.
2111 327 2174 390 154

168 515 321 597 quamuis
353 513 479 598 aliquot
508 515 607 580 etiam
629 513 755 598 primae
777 513 958 580 nobilitatis
991 514 1145 580 mulieres
1198 514 1335 580 historia
1363 515 1484 598 partim
1513 515 1554 580 ab
1582 515 1654 598 ipso
1676 513 1816 580 Calvino
1845 535 1887 578 ex
1915 514 1995 579 66116
2021 513 2173 600 publicis,

167 601 201 665 in
231 601 272 666 iis
301 609 526 666 cernerentur.
577 600 811 666 Accendebant
833 601 936 684 Regis
964 601 1047 666 iram
1077 621 1144 665 non
1198 601 1318 685 partim
1347 599 1565 666 aBanedieto
1588 599 1700 666 Aratio
1721 600 1885 665 Bernenei
1915 599 2067 685 theologo
2096 623 2172 684 pas·

166 685 262 752 modo
291 686 349 770 qni
377 687 471 752 illum
500 687 773 765 circumstabant,
802 687 1044 754 verumetiam
1074 687 1145 770 ipsa
1197 697 1267 752 tore
1296 685 1436 752 fideliter
1465 685 1644 770 descripta,
1675 683 1863 768 adiectaque
1893 685 2172 769 blasphemiarum

166 781 353 855 temporum
393 773 527 839 occasio.
582 772 676 838 Haec
715 773 804 836 euim
844 781 915 838 tum
947 771 1144 850 inciderunt,
1196 773 1300 856 ipsius
1320 773 1491 838 refutatio:
1514 793 1596 854 quas
1619 771 1752 855 quidem
1773 771 1884 837 omnia
1905 771 2034 854 aliaque
2056 773 2172 841 eodem

166 879 268 942 quum
289 859 430 942 insignis
447 858 507 923 illa
523 857 632 924 eladae
649 857 691 922 ad
709 857 969 941 Sanquintinum
987 869 1074 924 esset
1092 879 1144 924 ae·
1197 867 1361 942 congesta,
1382 879 1465 941 quae
1483 858 1524 922 ad
1541 856 1625 923 illud
1642 869 1874 941 argumentum
1892 857 2067 939 pertinent,
2086 860 2174 928 edita

166 953 275 1027 cepta:
309 950 343 1008 et
364 953 458 1010 nocte
481 952 704 1010 convenerant
726 944 781 1026 pii,
805 943 892 1026 quod
913 944 979 1010 illie
1001 942 1145 1009 interdiu
1197 951 1275 1010 sunt
1297 945 1330 1008 in
1353 943 1415 1010 hcc
1434 944 1568 1010 civitate
1589 964 1676 1009 anno
1694 943 1829 1008 Domini
1851 953 1955 1008 LXVII
1975 965 2077 1027 supra
2104 967 2173 1012 ses·

164 1029 258 1094 nullo
284 1029 382 1094 modo
404 1030 530 1096 licebat
575 1029 691 1112 Itaque
714 1038 864 1095 vetustae
885 1028 962 1096 illae
984 1040 1019 1094 et
1037 1031 1145 1094 ranei·
1197 1030 1475 1112 quimillesimum.
1527 1030 1618 1114 Ergo
1652 1028 1769 1094 infelix
1801 1030 1864 1094 iste
1894 1031 2002 1113 sagaci
2031 1031 2173 1112 quidem,

164 1115 226 1180 dae
249 1115 433 1181 calumniae
454 1117 487 1180 in
512 1115 719 1183 Christianos
741 1115 819 1180 olim
842 1117 1045 1200 excogitatae
1067 1127 1146 1182 tunc
1197 1115 1255 1182 ead
1277 1115 1370 1180 valro
1393 1116 1632 1200 sophisticoque
1653 1115 1786 1194 ingenio
1808 1113 1983 1197 praeditus,
2006 1116 2175 1199 aliquanto

164 1201 593 1285 quoqueautoraquodam¹)
601 1202 807 1268 Demochare
815 1199 992 1268 Serbonieo
1005 1203 1144 1280 doctore,
1196 1209 1271 1286 post
1292 1213 1459 1284 sumptum
1490 1200 1530 1267 de
1553 1201 1694 1268 Servate
1723 1199 1920 1284 supplicium
1947 1209 2063 1266 nactus
2085 1203 2174 1271 illius

163 1287 426 1370 reposituaeunt,
439 1287 856 1370 quasividelicetomuium
871 1288 1033 1354 malorum
1047 1307 1145 1352 cause
1196 1287 1319 1352 librum
1340 1288 1484 1370 itemque
1501 1287 1634 1354 Caluini
1656 1287 1887 1352 refutationem
1909 1286 2003 1352 facile
2025 1288 2174 1354 animad-

163 1372 591 1456 66161616611161166161)
622 1379 708 1440 esset
736 1373 919 1438 tribuenda.
964 1373 1145 1440 Subornati
1197 1375 1314 1452 vertit,
1343 1393 1448 1456 neque
1475 1373 1565 1438 illiue
1586 1382 1716 1457 spectra
1738 1382 1772 1438 et
1791 1372 1891 1451 ideas,
1915 1373 2034 1454 quibus
2057 1371 2174 1440 Samo·

162 1461 264 1523 etiam
288 1459 344 1542 qui
366 1464 587 1544 λυχνομοιχεραν
609 1461 857 1537 confirmarent,
881 1459 998 1542 quibus
1021 1457 1144 1526 creduli
1197 1459 1303 1524 eatani
1327 1459 1491 1524 haeresim
1512 1458 1569 1525 ille
1598 1458 1816 1536 coloraverat,
1839 1478 1944 1540 neque
1965 1459 2174 1527 invectama

162 1544 311 1628 plerique
340 1545 614 1610 assentiebantur.
669 1544 826 1611 Producti
863 1553 941 1612 eunt
968 1546 1072 1629 igitur
1102 1543 1144 1610 ad
1198 1543 1341 1611 Sabellio
1353 1566 1565 1627 personarum
1584 1565 1658 1610 cum
1678 1543 2063 1610 essentiaooufusionem
2083 1544 2127 1632 [C
2136 1545 2171 1633 5]

162 1633 316 1696 flammae
343 1631 384 1694 ad
414 1638 555 1714 septem,
585 1638 636 1696 ter
658 1633 797 1715 repetite
819 1631 984 1714 exemplo:
1007 1632 1042 1695 in
1065 1652 1145 1714 quo·
1197 1630 1352 1696 deitatem
1380 1630 1521 1713 danique
1551 1629 1693 1709 Christi,
1730 1629 1860 1713 qualem
1893 1630 2043 1712 impurus
2070 1633 2173 1698 Arius

162 1737 238 1781 rum
260 1717 368 1798 primo
390 1718 556 1783 accensita
578 1717 667 1794 6611)
690 1716 810 1782 nobilis
832 1715 992 1800 quaedam
1014 1717 1144 1795 mulier,
1196 1716 1357 1783 1661111661
1371 1721 1397 1798 ¹)
1426 1737 1496 1782 osee
1532 1715 1657 1795 docuit,
1686 1736 1761 1782 cum
1784 1715 1885 1782 verbo
1913 1715 1978 1780 Dei
2007 1717 2174 1784 conciliari

162 1803 257 1868 cuius
279 1799 412 1868 demum
431 1811 470 1867 ut
491 1811 525 1870 61
544 1824 602 1868 sex
625 1803 764 1868 aliorum
782 1812 880 1886 atque
901 1803 936 1868 iu
958 1801 1144 1870 11666116-
1196 1823 1302 1886 posse.
1345 1802 1392 1867 Et
1414 1823 1517 1884 quum
1538 1823 1662 1880 161616,
1685 1822 1768 1886 quae
1789 1801 1825 1866 in
1848 1801 2019 1884 seripturis
2044 1802 2084 1867 de
2106 1825 2174 1872 una

162 1887 322 1954 simorum
352 1888 490 1953 duorum
501 1891 529 1972 ⁴)
559 1888 803 1956 adolescentum
835 1889 1021 1954 constantia
1047 1889 1144 1972 plene
1196 1888 1261 1954 Dei
1291 1887 1434 1954 essentia
1467 1897 1501 1953 et
1529 1889 1634 1954 tribue
1667 1889 1756 1952 inter
1783 1909 1818 1954 se
1845 1909 1882 1952 re
1909 1888 1980 1970 ipsa
2009 1887 2173 1956 distinctis

162 1974 226 2038 fuit
253 1973 466 2040 admirabilis.
525 1975 653 2039 Verum
686 1974 808 2058 partim
843 1975 970 2040 11616616
1002 1975 1144 2058 quidem,
1196 1973 1431 2058 hypostasibus
1442 1972 1627 2051 traduntur,
1646 1973 1882 2058 intelligentiae
1896 1983 2027 2038 nostrae
2038 1975 2175 2040 minima

161 2059 220 2126 eod
243 2060 381 2124 minime
402 2067 515 2126 tamen
538 2060 680 2128 coercita
697 2059 951 2127 Sorbanicorum
970 2059 1145 2141 calumnia,
1197 2059 1358 2142 quadrare
1379 2058 1524 2137 videret,
1552 2059 1629 2124 lecit
1651 2058 1735 2142 quod
1759 2059 1920 2125 eiusmodi
1941 2060 2076 2143 ingenia
2097 2080 2174 2126 con-

161 2154 270 2212 matre
292 2167 411 2228 nempe
427 2147 576 2228 captivae
597 2167 708 2214 secum
730 2146 824 2226 filias,
848 2167 931 2229 quaa
953 2153 1145 2230 constupra·
1196 2153 1386 2222 sueverunt,
1409 2143 1521 2222 idest,
1544 2167 1612 2210 non
1632 2167 1703 2210 sese
1720 2143 1785 2209 Dei
1808 2145 1988 2228 sapientiae
2010 2147 2174 2230 submisit,

162 2239 216 2296 tue
237 2231 439 2309 dicebantur,
463 2230 504 2295 ad
526 2233 764 2315 inspectionem
791 2231 954 2297 iudicibus
975 2231 1144 2311 offerente,
1196 2230 1254 2296 sed
1275 2231 1309 2296 id
1331 2229 1464 2302 demum
1482 2252 1599 2296 verum
1622 2252 1693 2297 esse
1715 2231 1777 2297 sibi
1795 2233 1968 2314 persuasit,
1990 2233 2075 2314 quod
2097 2253 2174 2299 cum

163 2325 198 2382 et
218 2317 343 2401 optimo
365 2317 505 2400 quodam
525 2316 776 2400 doctissimoque
794 2318 876 2395 viro,
896 2325 1062 2401 pastorem
1085 2317 1145 2382 ali·
1196 2315 1342 2382 humana
1369 2317 1498 2381 1611666
1526 2317 1735 2383 consentiret.
1779 2317 1897 2400 Itaque
1919 2318 2109 2382 monarchia
2131 2317 2173 2384 ad

164 2413 244 2486 quot
266 2413 344 2468 ante
354 2403 522 2468 mensibus
543 2402 588 2467 ibi
600 2415 726 2487 agente,
748 2405 878 2488 egregio
896 2403 1004 2469 libello
1027 2411 1145 2469 cuncta
1195 2403 1328 2468 unicam
1346 2403 1633 2484 patrisparsonam
1644 2403 1812 2482 translata,
1835 2423 1933 2486 quem
1951 2405 2056 2468 solum
2078 2404 2173 2470 illum

140 2489 220 2554 ·illa
242 2489 416 2554 mendacia
438 2488 531 2554 facila
553 2491 760 2570 revincente,
781 2491 902 2572 partim
921 2488 1143 2556 intervenieu·
1196 2497 1231 2553 et
1259 2490 1393 2554 unicum
1415 2485 1560 2552 atteror
1587 2511 1659 2554 asse
1688 2489 1808 2568 voluit,
1832 2489 2115 2569 emendationem,
2138 2489 2173 2556 id

166 2577 246 2639 11111
260 2575 504 2641 Germanorum
516 2575 710 2657 Principum
722 2575 893 2660 legatione,
906 2596 1002 2657 quam
1014 2595 1144 2640 summa
1196 2583 1255 2649 661,
1268 2573 1430 2640 essentiae
1447 2576 1715 2658 propagationem
1734 2590 1865 2657 oraeque
1882 2595 2020 2640 numero
2038 2585 2077 2640 ut
2097 2597 2173 2658 par·

165 2660 332 2726 celeritate
353 2659 514 2726 Calvinus
542 2661 751 2744 procuravit,
779 2667 957 2745 tempestas
979 2661 1038 2726 illa
1059 2681 1143 2726 non·
1194 2680 1292 2726 eonas
1315 2659 1362 2725 sie
1383 2660 1481 2724 ctiam
1505 2663 1674 2735 essentiae,
1697 2661 1730 2725 id
1753 2669 1812 2739 eet,
1836 2677 1902 2724 tres
1924 2682 2061 2726 numero
2084 2661 2172 2740 daos,

165 2746 248 2812 nihil
268 2747 464 2829 conquievit.
1195 2753 1263 2810 tres
1285 2754 1443 2821 aeternos,
1465 2745 1719 2829 omnipotentes,
1741 2747 1918 2811 immensos
1939 2755 2051 2828 aparte
2072 2749 2172 2829 profi·
2206 2790 2208 2793 ψ

1196 2831 1259 2896 1611
1285 2831 1407 2914 coepit,
1434 2850 1536 2912 eoque
1561 2851 1628 2896 non
1655 2829 1751 2896 modo
1780 2853 1909 2898 sacrum
1931 2830 1997 2895 Dei
2024 2833 2172 2912 verbum,

249 2919 372 2982 Annus
399 2917 490 2982 hunc
517 2929 740 3001 consequutus
752 2919 779 3000 ⁵)
807 2916 1005 3001 reipublicae
1032 2917 1143 2984 Cena·
1195 2915 1254 2982 sed
1276 2916 1377 2998 ipsius
1400 2915 1500 2986 etiam
1522 2917 1639 3001 synodi
1660 2916 1836 2998 Ν1666166,
1865 2916 2035 3000 repudiato
2057 2925 2171 2984 tamen

167 3003 259 3068 16661
279 3003 363 3068 felix
383 3003 495 3068 illuxit
516 3011 673 3088 perpetua
703 3003 790 3068 inter
810 3003 998 3070 Beruenses
1020 3011 1054 3067 et
1075 3002 1163 3069 Ge·
1196 3001 1370 3068 Athanasii
1387 3001 1545 3085 symbolo,
1564 3011 1597 3068 et
1614 3004 1832 3068 vetustiorum
1851 3005 2057 3087 scriptorum,
2079 3003 2173 3070 vide-

165 3089 738 3168 66161666161166661661161611616,
762 3098 876 3156 contra
898 3089 1049 3154 exsulum
1071 3089 1143 3154 illo-
1195 3089 1273 3155 licet
1294 3087 1427 3172 Ignatii,
1450 3087 1659 3166 Tertulliani,
1681 3088 1812 3154 Irenaai
1835 3095 1868 3156 et
1889 3089 2056 3154 Laetantii
2077 3099 2172 3155 auto·

165 3174 271 3259 ruml)
294 3175 615 3259 6166661611616117)
644 3173 711 3240 Sed
734 3176 819 3243 hano
831 3174 1020 3240 felicitatem
1038 3175 1143 3242 multa
1195 3176 1329 3240 ritatem
1368 3173 1516 3239 inaudita
1550 3173 1691 3258 quadam
1726 3175 1931 3259 impudentia
1970 3175 2171 3258 detorquere.

165 3281 293 3344 quoque
335 3260 477 3328 adversa
510 3259 641 3326 aliunde
678 3262 832 3327 comitata
865 3260 980 3346 66618)
1012 3270 1143 3346 praeter
1195 3261 1288 3327 Alios
1318 3261 1406 3326 enim
1435 3280 1549 3326 omnes
1573 3259 1772 3327 orthodoxos
1794 3263 1970 3344 scriptores
1991 3261 2172 3328 Nicaenam

165 3348 263 3412 ctiam
292 3347 445 3412 exsulum
471 3347 584 3413 irritos
615 3346 748 3412 ultimos
778 3356 932 3426 conatus,
962 3348 1143 3432 dequibus
1195 3347 1359 3431 synodum
1371 3353 1525 3428 aequatos
1542 3367 1608 3412 non
1626 3353 1756 3412 tentum
1772 3347 1977 3430 repudiabat,
1996 3347 2055 3412 sed
2072 3349 2172 3413 etiam

164 3432 259 3516 plura
288 3429 397 3499 dicere
425 3453 491 3498 non
521 3433 688 3498 661611111.
732 3433 818 3498 Nam
839 3433 917 3498 loris
939 3432 1143 3516 6611161116-
1195 3443 1233 3497 ut
1270 3433 1387 3515 impios
1420 3431 1607 3515 sugillabat.
1662 3433 1760 3498 Hanc
1791 3441 1900 3498 autem
1934 3433 2172 3516 blasphemiam

165 3518 379 3584 crudescebat
405 3519 439 3583 in
470 3517 582 3584 Callia
610 3520 835 3602 persequutio,
869 3519 958 3584 domi
990 3540 1069 3585 vero
1102 3543 1143 3586 ex
1195 3518 1280 3583 aliae
1315 3537 1442 3602 quoque
1476 3517 1516 3582 de
1549 3517 1754 3602 hypostatica
1787 3520 1909 3584 unione
1942 3519 2172 3600 sequebantur.

166 3603 299 3671 Servati
322 3603 494 3681 cineribus,
518 3612 631 3670 autore
654 3605 794 3688 quodam
817 3604 995 3671 Valentino
1017 3605 1143 3672 Centili
1194 3603 1483 3669 Haacolauoulum
1505 3603 1598 3668 initio
1619 3604 1841 3686 interpauooe
1862 3605 1954 3686 quasi
1976 3603 2172 3686 disputatio·

166 3690 357 3768 Oceentino,
380 3691 549 3756 teterrima
571 3691 810 3756 Tritheitarum
832 3691 980 3758 16616616
1000 3691 1143 3776 pullula·
1195 3691 1248 3756 nis
1269 3709 1368 3756 causa
1390 3689 1522 3774 agitata,
1545 3710 1683 3772 quorum
1696 3691 1861 3772 praecipui
1883 3689 2173 3756 fueruntIoauuee

166 3775 230 3842 bat.
254 3775 373 3859 Itaque
389 3785 428 3842 ut
445 3777 512 3842 illie
529 3777 626 3842 malis
647 3779 984 3844 occurreretur'missi
1002 3787 1081 3843 eunt
1102 3777 1144 3842 ad
1194 3775 1322 3842 Paulus
1343 3775 1508 3848 Aleiatus,
1531 3774 1790 3849 ¹Mediolaneneis
1812 3776 1921 3852 milae,
1952 3784 1986 3840 at
2007 3775 2172 3860 Georgius

168 3861 368 3928 Germaniae
396 3863 569 3946 Principes
601 3884 677 3929 cum
699 3863 830 3930 Caluini
863 3863 981 3943 literis,
1012 3865 1067 3947 qui
1095 3871 1145 3928 161
1194 3861 1377 3928 Blandrata
1394 3860 1604 3940 Salaciensis,
1627 3861 1828 3944 professione
1844 3861 1999 3939 medicus,
2023 3861 2173 3927 tandem·

168 3947 377 4014 ecelesiarum
407 3949 647 4014 calamitatibus
684 3950 842 4032 expositis
875 3949 1143 4016 intercessionem
1195 3969 1258 4032 que
1286 3947 1403 4014 Italico
1436 3947 1640 4032 presbyterio
1669 3947 1826 4012 nunciata
1858 3969 1992 4014 oausam
2025 3947 2171 4032 cogendo

169 4055 279 4100 eorum
309 4033 529 4118 postularent,
558 4033 636 4098 dum
662 4035 800 4102 assiduis
821 4035 926 4100 literis
948 4036 1074 4101 interea
1095 4035 1143 4100 la·
1196 4043 1292 4099 extra
1313 4031 1462 4098 ordinem
1483 4033 1589 4099 coetui
1607 4034 1839 4117 praebuerunt,
1862 4032 1916 4098 ubi
1939 4052 2047 4100 coram
2065 4033 2173 4100 delec-

168 4119 324 4185 borantee
346 4119 505 4186 Calvinus
534 4121 756 4186 confirmabat
802 4121 887 4187 Cum
912 4121 1039 4187 Gentili
1066 4143 1144 4188 varo
1195 4121 1240 4186 tis
1261 4119 1467 4186 senatoribus
1485 4119 1701 4202 omnibusque
1722 4119 1881 4185 ministris
1903 4140 1941 4184 ac
1962 4119 2171 4205 presbyteris,

170 4205 246 4288 quid
274 4213 385 4274 actum
413 4209 471 4285 611,
500 4207 573 4290 quis
602 4205 741 4291 denique
769 4206 869 4272 fuerit
890 4209 984 4274 161166
1005 4207 1145 4275 monstri
1195 4206 1359 4289 patienter
1375 4203 1496 4270 auditis
1518 4225 1555 4270 ac
1576 4225 1618 4268 61
1636 4203 1700 4270 Dei
1722 4205 1823 4270 verbo
1844 4225 1904 4286 per
1919 4204 2097 4271 Calvinum
2119 4227 2171 4272 re-

170 4294 278 4360 exitne
299 4293 413 4377 paucis
423 4293 692 4360 commemorabo.
730 4293 854 4360 Exstat
874 4294 963 4358 anim
985 4301 1054 4360 1616
1064 4294 1145 4362 1666
1195 4294 1308 4358 fetatis
1337 4311 1549 4375 quaecunque
1578 4289 1628 4354 illi
1654 4291 1801 4373 profarre
1823 4289 2018 4370 voluerunt,
2047 4292 2096 4357 ita
2116 4311 2171 4357 166

1196 4385 1247 4444 661
1273 4377 1469 4460 composita,
1499 4385 1537 4442 61
1564 4377 1704 4459 scriptae
1733 4375 1933 4442 orthodoxae
1959 4375 2036 4443 fidei
2058 4398 2172 4442 omnes

1195 4465 1273 4530 Itali
1301 4464 1413 4530 statim
1447 4461 1706 4542 subscriberent,
1736 4483 1795 4528 sax
1824 4462 1989 4528 duntaxat
2016 4463 2172 4546 exceptis,

254 4565 270 4618 1
301 4565 365 4620 aad.
385 4567 503 4636 quodem
520 4567 628 4622 homine
645 4584 696 4622 nec
713 4567 783 4622 bono
801 4585 852 4622 neo
869 4569 983 4624 erudite.
1196 4551 1252 4636 qui
1273 4557 1384 4616 161161
1408 4556 1439 4614 61
1463 4549 1526 4632 ipsi
1547 4556 1661 4631 postea
1682 4549 1817 4614 seorsim
1845 4550 1952 4615 vocati
1974 4571 2076 4614 manu
2098 4550 2170 4631 qui-

254 4635 271 4689 1
302 4637 404 4717 nortus
421 4637 483 4690 unis
500 4651 574 4718 rece..
663 4705 669 4718 ‚
700 4705 705 4718 ,
855 4707 861 4718 ,
916 4707 951 4720 ..
1196 4634 2168 4720 11611661)6611616611661,6166616666661111,661·

253 4703 271 4756 3
300 4706 438 4774 singulare
462 4707 589 4773 praebuit
612 4705 776 4760 6111616666
796 4705 966 4761 1611161166
990 4707 1144 4777 exemplum
1195 4724 1406 4807 seripserunt·
1450 4720 1597 4786 Rediens
1623 4719 1725 4804 igitur
1755 4719 1796 4785 ad
1825 4721 1995 4806 ingenium
2025 4719 2170 4786 Genqffig

301 4841 366 4896 aad.
404 4843 501 4896 cuitus.
1194 4811 1397 4890 eandemque
1409 4807 1644 4890 blasphemiam
1661 4827 1791 4872 rursum
1814 4827 1967 4892 spargere
1989 4803 2171 4888 deprehen-

253 4839 378 5118 {lm
432 4912 452 4964 1.
762 4963 767 4972 ,
1194 4917 1250 4961 666
1272 4896 1407 4979 capitur,
1431 4901 1545 4978 captus
1567 4892 1651 4957 nihil
1674 4891 1874 4970 dissimulat,
1902 4891 2034 4956 auditne
2056 4910 2171 4974 quam·

302 4979 366 5034 cdd.
384 4981 603 5049 perditissimam.

170 4787 234 4828 md·

301 5047 366 5102 add.
384 5050 432 5117 qui
449 5049 557 5104 detecta
568 5048 755 5112 coniuratione
773 5065 807 5104 ex
818 5050 887 5104 urbe
902 5050 988 5120 elapsi
1004 5049 1073 5104 nihil
1090 5066 1145 5106 non

173 5123 248 5170 erunt
264 5119 372 5187 experti
390 5123 421 5170 61
438 5118 487 5172 has
504 5119 577 5172 inter
594 5135 623 5172 se
640 5118 765 5172 civitates
782 5121 991 5176 committerent.

255 5186 285 5256 6)
302 5187 357 5242 seu
374 5185 444 5242 tens
465 5189 694 5258 tranquillitatem
711 5187 798 5242 mua
815 5189 932 5244 66666
950 5190 1065 5244 severa
1081 5203 1143 5244 eon-
1280 5185 1295 5238 1
1326 5185 1398 5265 lece:
1415 5184 1538 5248 fiotitiam
1557 5199 1616 5238 cum
1633 5181 1674 5238 ee.
1694 5180 1761 5237 1⁵⁷6
1779 5187 1806 5236 e
1821 5181 1893 5236 cliu-

174 5255 314 5312 1611161661
330 5255 424 5326 (rece.)
1280 5253 1298 5308 2
1328 5267 1369 5310 eac
1386 5255 1444 5309 eolc
1461 5255 1597 5324 princepe.
1624 5253 1766 5320 111661
