4712 6134
264 395 311 461 95
795 337 800 346 ⁴
978 393 1273 462 OONll'llSSION
1296 395 1359 461 DE
1382 395 1445 461 LA
1468 394 1575 462 F'OY.
2227 393 2263 459 96

268 593 304 651 et
332 585 517 650 lientenene
530 585 574 665 ⁸³)
603 583 643 647 de
673 583 776 660 Dion,
804 582 958 666 ausqueln
986 602 1030 648 on
1063 605 1106 647 ne
1138 581 1248 668 puisse
1300 604 1456 666 proourer
1478 583 1509 650 le
1531 583 1623 661 bien,
1636 587 1680 666 ⁸⁷)
1703 583 1736 650 le
1757 583 1950 666 tranquilite
1972 591 2005 648 et
2028 581 2132 648 utilite
2154 582 2265 665 publio

268 670 454 736 nullement
484 669 626 746 resistet,
659 689 766 752 synon
778 671 821 748 ⁸⁴)
855 689 898 733 en
931 667 1087 734 resistant
1119 690 1140 733 o
1161 669 1249 734 Dieu
1301 690 1380 752 que,
1413 691 1448 734 se
1481 668 1714 755 efforoeant⁸⁸)
1748 670 1789 734 de
1821 670 2004 734 entretenir
2030 667 2191 734 lhonneur
2217 668 2267 734 deo

269 778 421 834 mesmes,
443 763 477 820 et
499 756 571 820 leur
592 754 686 820 offioe
708 775 835 820 oomme
857 775 923 820 une
945 755 1069 820 oeinete
1098 755 1249 822 oommis·
1301 756 1490 838 ouperieure
1529 765 1562 821 ot
1600 755 1790 839 tranquilite
1830 757 1874 820 dn
1913 754 2046 838 penple‚
2091 775 2167 820 eene
2206 756 2268 818 rien

267 843 396 928 eion⁰⁶)
418 840 458 906 de
480 841 566 906 Dion
589 839 729 924 laquelle
751 841 772 905 il
807 841 880 906 leur
906 839 1072 918 odonne,
1100 841 1179 906 effin
1208 840 1249 905 de
1301 841 1486 921 machiner,
1524 863 1565 907 ne
1596 861 1752 924 proourer
1783 842 1840 924 qui
1883 841 1947 906 soit
1979 862 2063 924 pour
2094 842 2270 905 eemonvoir

269 949 354 994 nous
376 948 561 1012 gouverner
583 934 616 990 et
637 927 734 1010 regin.
771 927 839 992 Per
858 947 945 1011 quoy
963 947 1046 992 noue
1066 927 1248 992 ente'ndone
1301 925 1446 992 troubles
1479 948 1521 993 ne
1543 927 1749 994 dissentione.
1794 927 1840 991 lto
1869 947 1913 992 en
1934 927 2100 992 oontreire
2122 946 2202 990 none
2221 923 2270 990 de·

269 1034 332 1100 qne
354 1023 427 1080 tono
458 1013 641 1079 ehreetiens
663 1021 740 1077 sont
761 1021 859 1077 tennn
882 1011 922 1077 de
944 1013 1032 1095 prior
1055 1013 1142 1078 Dieu
1164 1033 1249 1095 pour
1301 1013 1442 1079 eloirono
1464 1035 1527 1096 que
1557 1025 1630 1079 tone
1652 1013 1749 1079 oeulx
1769 1013 1825 1097 qni
1847 1034 1883 1078 ee
1905 1021 2037 1095 portent
2057 1010 2273 1076 infidelement

269 1101 304 1166 lo
324 1099 504 1183 prosperite
526 1097 583 1164 dee
605 1099 791 1180 superienre
808 1104 842 1162 et
859 1096 1084 1182 seignoureffi)
1103 1098 1160 1164 dee
1177 1098 1250 1180 peis
1302 1117 1421 1165 envers
1443 1098 1533 1164 lenrs
1554 1099 1752 1182 superieuro,
1773 1107 1808 1163 et
1828 1119 1872 1164 ne
1894 1107 1955 1164 ont
1976 1098 2100 1164 droiete
2128 1097 2272 1163 effeotion

271 1205 314 1251 on
334 1185 377 1250 ilz
399 1185 523 1263 vivent,
546 1184 649 1268 obeyr
670 1205 735 1249 oux
757 1192 864 1250 statut
886 1195 921 1249 et
948 1183 1173 1250 ordonnonoee
1194 1184 1251 1266 qui
1303 1205 1345 1250 eu
1374 1184 1448 1248 bion
1476 1185 1649 1269 publioqne
1678 1183 1723 1250 dn
1748 1204 1830 1269 pays
1858 1205 1901 1250 ou
1930 1184 1973 1250 iln
1999 1191 2206 1260 eonversent,
2235 1204 2273 1248 en

271 1292 314 1336 ne
356 1272 628 1338 oontreviennent
659 1290 726 1334 eux
758 1267 1047 1336 oommendemens
1080 1269 1119 1335 de
1152 1269 1250 1346 Dion,
1302 1268 1425 1356 oelo⁸⁰)
1443 1269 1484 1334 ilt
1506 1271 1731 1338 demonstrent
1752 1269 1825 1336 leur
1846 1267 2005 1336 infidelite
2026 1290 2145 1336 envers
2156 1270 2248 1334 Dieu.

273 1446 476 1454 ...unq—..—

340 1629 375 1684 ⁸4
405 1563 740 1688 ellolllr‘lulgl'tlensinteinodit:
765 1629 820 1698 qni.
857 1627 885 1682 11
905 1629 968 1694 [oet
990 1625 1168 1684 emmeno
1184 1627 1251 1683 lire:
1373 1558 1713 1702 glffriffissnfflhonori
1730 1647 1762 1684 oe
1783 1629 1920 1684 oommnni
1944 1630 2029 1684 totino
2047 1645 2083 1701 po
2102 1631 2144 1684 nli
2160 1631 2231 1684 bono
2247 1647 2277 1684 ex

272 1701 347 1772 quin.
1304 1698 1396 1752 enimo
1413 1700 1532 1768 studere,
1551 1702 1586 1754 nb
1604 1701 1730 1756 omnibns
1746 1699 1910 1754 leetionibne
1925 1699 2078 1769 religioeen
2110 1699 2278 1755 tinet-eunde

340 1767 375 1822 85
405 1767 641 1824 administratione
659 1765 831 1821 demandato.
1304 1768 1402 1821 turbae
1420 1784 1452 1822 eo
1468 1771 1601 1824 tnmnltne
1618 1769 1693 1823 neoni
1711 1775 1822 1838 queant

406 1843 435 1891 et
451 1837 593 1907 eeignenre
611 1851 661 1891 om.
1373 1835 1421 1906 89)
1438 1854 1471 1891 ee
1487 1839 1680 1908 perversitate.
