4848 6120
236 353 319 437 'atas
1041 364 1461 434 unucuoareuann
2198 375 2259 436 124

256 579 353 645 geum
377 555 536 622 celebrem
557 565 785 633 mercatorem,
808 561 920 639 postea
941 576 1000 640 pro
1023 553 1151 622 Christi
1172 575 1230 620 nc·
1283 577 1379 622 suum
1408 555 1566 623 adversus
1595 577 1721 624 sacram
1754 555 1895 622 triadem
1927 558 2020 624 virus
2052 558 2258 643 dispergens:

256 645 346 710 mine
373 651 569 720 crematum,
606 644 698 707 cuius
727 642 825 706 etiam
854 663 975 708 nomon
1004 641 1090 707 edito
1119 651 1232 725 postea
1282 663 1380 726 quem
1413 663 1484 708 sese
1511 643 1594 707 nihil
1623 645 1729 728 magis
1759 651 1912 726 appetere
1941 665 2038 728 quam
2067 645 2139 710 eius
2161 645 2260 711 eollo·

256 741 371 796 contra
394 728 581 794 Libertinos
608 727 692 792 libro
720 727 905 794 celebravit.
952 728 1005 794 Ab
1027 749 1064 792 eo
1088 737 1231 810 tempore
1281 729 1395 811 quium
1407 727 1616 794 simulantem
1634 729 1784 795 condicto
1801 729 1871 794 loeo
1888 737 1922 795 et
1933 737 2080 812 tempore
2091 729 2260 811 Oalvinus,

256 837 328 883 sese
351 814 511 880 Calvinus
551 814 685 880 abiectis
713 814 846 896 reliquis
875 813 992 880 studiis
1015 814 1085 878 Deo
1099 813 1125 894 ¹)
1153 833 1230 877 con-
1282 813 1394 896 (idque
1427 835 1495 878 non
1528 815 1612 880 citra
1644 835 1802 898 magnum
1833 815 1921 880 vitae
1942 815 2141 898 periculum,
2172 817 2260 900 quod

256 901 398 968 secrevit
419 921 548 965 summa
569 901 696 982 piorum
720 900 883 976 omnium,
907 900 963 982 qui
985 907 1056 963 tum
1078 899 1231 964 Lutetiae
1281 910 1353 963 tum
1374 899 1478 964 latere
1500 908 1632 982 propter
1654 919 1824 966 accensam
1850 901 2112 967 adversariorum
2135 903 2260 968 rabiem

256 987 399 1054 occultos
431 995 540 1050 coetus
572 985 752 1064 habebant,
785 985 968 1063 voluntate,
1004 1005 1064 1050 nee
1091 985 1121 1048 ei
1155 1005 1231 1049 mox
1281 985 1483 1068 cogeretur),
1515 985 1639 1050 diutius
1668 985 1799 1069 quidem
1824 986 1882 1052 sed
1903 987 2026 1052 frustra
2048 990 2260 1070 exspectavit,

256 1073 360 1140 deluit
380 1071 415 1136 in
438 1093 501 1154 quo
522 1091 595 1136 sese
617 1081 750 1136 strenue
771 1079 947 1137 exerceret.
1281 1070 1338 1135 illo
1361 1092 1403 1136 ne
1425 1071 1558 1136 Oalvini
1579 1072 1709 1154 quidem
1732 1082 1940 1155 conspectum
1962 1074 2098 1139 ferente.

343 1159 425 1224 Erat
447 1168 518 1222 tum
541 1155 736 1222 Academiae
758 1157 954 1222 Parisiensis
976 1165 1091 1230 rector,
1125 1155 1233 1220 itaut

255 1243 324 1312 illic
346 1245 397 1323 fit,
421 1243 613 1326 designatus
634 1242 789 1308 Nicolaus
811 1241 932 1325 (lopus,
956 1242 1127 1308 Guilielmi
1149 1241 1231 1325 Oopi
1367 1243 1448 1306 Fuit
1469 1249 1579 1308 autem
1601 1243 1630 1308 is
1652 1263 1759 1308 annus
1775 1253 1893 1308 XXXIV
1915 1264 2014 1327 supra
2044 1243 2260 1327 sesquimille-

255 1329 449 1396 Basiliensis
476 1328 559 1412 regii
588 1327 706 1394 medici
733 1327 833 1393 filius:
864 1329 915 1394 eui
938 1349 1041 1412 quum
1071 1326 1111 1392 de
1140 1349 1231 1392 more
1282 1328 1401 1392 simum
1429 1327 1593 1393 horrenda
1619 1329 1654 1393 in
1682 1329 1803 1394 multos
1832 1329 1903 1410 pios
1936 1331 2076 1394 saevitia
2110 1331 2260 1412 insignis,

255 1413 407 1482 habenda
438 1423 525 1480 esset
553 1413 622 1480 Oal.
652 1413 847 1479 Novembris
879 1415 998 1492 oratio,
1032 1433 1096 1499 quo
1128 1413 1179 1478 die
1212 1433 1232 1476 a
1283 1412 1432 1479 Gerardo
1465 1414 1583 1493 Rnffo,
1617 1413 1797 1480 Sorbenico
1827 1415 2005 1498 Magistro,
2040 1415 2096 1481 sed
2130 1417 2262 1498 pietatis

253 1500 430 1588 pontificiis
451 1499 601 1584 Panagia
622 1499 844 1577 celebrantur,
872 1502 1038 1583 suggessit
1060 1519 1133 1565 eam
1157 1498 1231 1565 Oal-
1282 1499 1391 1564 studia
1412 1520 1610 1584 magnopere
1633 1509 1711 1565 tuno
1733 1501 1918 1578 adiurante,
1952 1501 2097 1586 itemque
2119 1501 2262 1568 (letaldo

254 1589 361 1665 vinus,
383 1586 420 1650 in
442 1607 507 1669 qua
528 1585 643 1669 purius
665 1593 698 1650 et
719 1586 879 1668 apertius,
908 1607 1007 1668 quam
1035 1595 1132 1650 antea
1153 1605 1231 1650 eon·
1284 1586 1515 1668 Augustiniani
1527 1585 1650 1652 ordinis
1662 1587 1733 1669 (qui
1745 1607 1847 1651 unum
1861 1596 1894 1650 et
1906 1586 2045 1652 alterum
2059 1588 2124 1652 iam
2136 1609 2262 1652 annum

254 1674 449 1750 suevissent,
473 1670 513 1736 de
535 1671 693 1753 religione
710 1671 941 1737 disserebatur.
974 1669 1230 1737 Hoeverosser-
1282 1671 1393 1736 favore
1415 1671 1628 1736 Navarrenae
1650 1672 1753 1736 adiuti
1780 1673 1947 1756 negotium
1970 1673 2099 1738 Ohristi
2120 1671 2155 1737 in
2178 1673 2262 1739 urbe

254 1760 340 1826 bona
360 1759 446 1823 ferre
469 1778 535 1822 non
558 1757 680 1840 potuit,
703 1777 763 1822 nec
785 1757 936 1840 probavit
958 1769 1106 1836 senatus,
1134 1777 1231 1841 quem
1282 1757 1463 1839 plurimum
1486 1762 1735 1840 promoverant)
1765 1779 1833 1822 non
1862 1757 1959 1823 modo
1990 1780 2032 1823 ex
2055 1758 2182 1842 pulpito
2205 1757 2262 1824 da-

253 1845 504 1912 Parlamentum
533 1843 714 1926 appellant:
749 1863 856 1925 aquo
878 1843 998 1909 citatus
1027 1853 1133 1908 rector
1160 1863 1231 1908 sese
1282 1842 1430 1918 turbatis,
1454 1843 1511 1907 sed
1534 1844 1632 1908 etiam
1655 1844 1690 1906 in
1712 1863 1875 1908 carcerem
1899 1844 2072 1912 coniectis:
2106 1853 2140 1910 et
2167 1865 2262 1911 eous-

254 1930 385 2016 quidem
412 1931 448 1994 in
471 1930 560 1994 viam
589 1949 664 1993 oum
692 1929 761 1994 suis
782 1929 1022 2012 apparitoribus
1043 1927 1146 2006 dedit,
1174 1927 1231 1993 sed
1282 1948 1346 2009 que
1380 1927 1583 1992 inflammata
1615 1929 1764 1994 fascinati
1798 1929 1966 1996 Francisci
2001 1931 2103 2014 Regis
2136 1932 2186 1995 ira
2220 1931 2261 1996 ob

254 2015 296 2082 ab
315 2015 427 2080 amicis
444 2015 480 2078 in
498 2015 616 2078 itinere
633 2013 828 2092 admonitus,
842 2023 880 2079 ut
899 2015 962 2080 sibi
982 2013 1023 2079 ab
1034 2013 1232 2079 adversariis
1282 2012 1419 2078 schedas
1431 2013 1588 2096 quasdam
1600 2014 1758 2080 adversus
1769 2015 1903 2081 missam
1922 2037 1980 2099 per
1997 2017 2112 2082 urbem
2130 2037 2263 2100 sparsas

254 2111 395 2178 sereret,
418 2100 551 2165 domum
568 2121 722 2165 reversus
740 2121 781 2164 ex
799 2100 871 2183 ipso
889 2109 1000 2182 postea
1017 2121 1119 2184 regno
1137 2119 1231 2165 exce-
1283 2099 1447 2180 ipsiusque
1469 2099 1551 2182 regii
1574 2099 1715 2166 cubiculi
1736 2101 1862 2167 foribus
1891 2102 2035 2179 adfixas,
2065 2111 2103 2167 ut
2132 2102 2263 2185 publica

255 2187 335 2252 dens
368 2185 534 2252 Basileam
573 2207 608 2252 se
647 2185 796 2252 contulit.
840 2185 931 2250 Itum
969 2196 1020 2251 est
1058 2187 1158 2251 etiam
1196 2185 1232 2249 in
1283 2183 1413 2250 decreta
1452 2184 1707 2268 supplicatione,
1742 2188 1795 2250 cui
1839 2208 1905 2252 una
1940 2207 2015 2252 cum
2048 2187 2160 2253 liberis
2192 2190 2263 2254 suis

255 2273 477 2357 Gymnasium
500 2272 587 2356 quod
610 2271 800 2336 Fortretum
823 2280 951 2350 vocant,
985 2271 1042 2336 ubi
1064 2280 1134 2335 tum
1156 2269 1232 2336 (lal-
1283 2271 1387 2334 tribus
1410 2271 1497 2334 nudo
1519 2272 1624 2352 capite
1642 2270 1812 2336 ardentem
1830 2273 1933 2338 lacem
1953 2275 2046 2356 quasi
2064 2273 2263 2356 expiationis

253 2357 354 2424 vinus
386 2358 449 2425 sibi
482 2357 685 2424 domicilium
717 2357 898 2442 delegerat:
954 2377 997 2422 uo
1025 2357 1110 2422 forte
1144 2355 1233 2420 domi
1283 2375 1382 2420 causa
1403 2369 1536 2440 gestans
1558 2357 1724 2434 interluit,
1758 2371 1896 2439 quatuor
1919 2359 2009 2423 urbis
2030 2358 2263 2424 celebrioribus

253 2465 321 2510 non
344 2451 482 2526 reperto,
506 2443 717 2528 deprehensis
749 2444 837 2508 inter
858 2443 917 2508 sch
960 2463 996 2508 as
1018 2442 1130 2507 multis
1152 2443 1232 2506 ami·
1283 2441 1362 2507 loeis
1383 2449 1517 2508 octonos
1540 2451 1705 2525 martyres
1728 2443 1822 2507 vivos
1843 2443 1982 2508 ustulari
2003 2445 2140 2521 iuberet,
2164 2453 2264 2527 atque

255 2549 370 2596 corum
392 2529 506 2604 literis,
529 2529 576 2594 nil
598 2529 732 2612 propius
754 2531 885 2608 laetum,
921 2549 1017 2612 quam
1039 2537 1076 2593 ut
1100 2527 1233 2610 plurimi
1284 2526 1365 2592 adeo
1397 2527 1524 2592 solenni
1558 2527 1733 2592 iureruudo
1767 2535 1957 2607 testaretur,
2003 2551 2038 2594 se
2075 2550 2117 2594 ne
2151 2528 2265 2596 liberis

253 2615 289 2681 in
310 2617 491 2680 maximum
514 2616 602 2680 vitae
630 2613 804 2680 discrimen
834 2616 1057 2681 incurrerent:
1087 2615 1134 2678 ita
1162 2621 1233 2676 tum
1284 2612 1416 2694 quidem
1439 2613 1508 2678 suis
1536 2633 1725 2695 parsurum,
1754 2615 1780 2676 si
1812 2615 1894 2678 forte
1916 2615 2093 2680 teterrimis
2115 2615 2196 2696 illis,
2228 2625 2265 2681 ut

254 2712 350 2768 erant
367 2722 459 2767 aeres
475 2700 525 2766 illi
543 2700 719 2766 admodum
737 2699 894 2766 adversus
912 2700 1080 2767 eeclesiam
1098 2697 1232 2776 iudices,
1285 2699 1430 2772 vocabat,
1453 2697 1643 2764 haeresibus
1665 2709 1775 2764 essent
1797 2699 1917 2765 infecti.

255 2795 289 2854 et
310 2787 346 2851 in
369 2787 421 2853 his
451 2787 582 2870 quidem
610 2787 784 2869 praecipue
805 2785 947 2852 Ioannes
976 2785 1107 2869 quidam
1131 2785 1233 2849 Mori·
1371 2783 1541 2849 Eiusmodi
1591 2805 1702 2849 rerum
1751 2791 1872 2850 statum
1915 2786 2049 2852 intuens
2093 2786 2263 2866 Calvinus,

254 2893 327 2950 nus,
350 2873 443 2938 cuius
464 2871 571 2938 adhuc
592 2893 713 2937 nomen
747 2869 795 2957 [A
818 2870 852 2958 ⁷]
887 2871 928 2937 ab
950 2871 1073 2956 insigni
1095 2869 1233 2936 saevitia
1283 2869 1381 2953 paulo
1408 2877 1580 2953 postquam
1607 2870 1761 2936 Aureliae
1791 2871 1956 2955 insignem
1988 2872 2082 2936 illum
2115 2872 2264 2938 libellum

255 2959 449 3026 celebratur.
495 2956 563 3024 Sed
596 2958 682 3022 hane
715 2964 946 3040 tempestatem
973 2957 1136 3022 Dominus
1165 2958 1232 3022 Re·
1284 2955 1440 3022 edidisset
1460 2976 1557 3038 quem
1581 2955 1927 3040 Psychopannychian
1947 2957 2122 3040 inscripsit,
2145 2959 2265 3025 adver·

255 3045 353 3132 ginae
374 3043 612 3121 Navarrensis,
643 3042 757 3108 unicae
779 3043 882 3126 Regis
903 3043 1073 3110 Francisoi
1102 3042 1232 3120 sororis,
1285 3061 1341 3107 sus
1364 3041 1497 3106 illerum
1525 3061 1670 3106 errorem
1699 3043 1756 3125 qui
1785 3042 1927 3108 dormire
1955 3044 2121 3110 seiunctas
2150 3065 2264 3111 acor-

254 3129 442 3195 admirabili
469 3129 604 3212 ingenio
632 3127 800 3210 praeditae
820 3127 983 3207 mulieris,
1014 3135 1048 3193 et
1068 3128 1132 3212 piis
1153 3136 1233 3192 tunc
1284 3128 1418 3212 poribus
1446 3127 1573 3193 animas
1601 3147 1712 3192 errore
1745 3148 1765 3192 a
1795 3129 2028 3196 vetustissimis
2057 3150 2162 3213 usque
2191 3153 2264 3197 sae-

255 3215 434 3282 admodum
467 3215 609 3282 laventis
641 3213 875 3280 intercessione
909 3212 1094 3296 dissiparit,
1132 3212 1233 3278 misso
1285 3211 1367 3279 culis
1396 3213 1534 3295 repetite
1561 3212 1738 3291 docebant,
1768 3213 1916 3280 secedere
1938 3235 1980 3280 ex
2002 3215 2115 3282 Gallia
2135 3219 2264 3297 statuit,

254 3303 290 3366 in
313 3301 423 3366 aulam
446 3300 556 3383 ibique
578 3299 815 3383 perhonorifice
848 3298 888 3364 ab
910 3319 949 3364 ea
971 3306 1102 3382 accepte
1123 3305 1157 3362 et
1178 3318 1233 3362 au·
1284 3318 1386 3380 eoque
1419 3297 1554 3364 oonsilio
1588 3319 1655 3364 uus
1687 3320 1763 3365 cum
1794 3299 1866 3378 illo,
1900 3301 2033 3384 quicum
2065 3323 2141 3366 eum
2175 3302 2265 3387 apud

255 3386 323 3453 dito
345 3387 493 3452 Calvino.
1284 3381 1450 3450 Santonas
1472 3382 1675 3467 aliquamdiu
1693 3385 1815 3452 vixisse
1838 3386 1990 3467 diximus,
2013 3389 2078 3453 iter
2094 3387 2265 3456 Basileam

341 3472 425 3537 Inde
446 3471 503 3537 ille
525 3472 662 3537 Lutetia
683 3471 796 3537 relicta
816 3471 853 3534 in
874 3491 992 3556 agrum
1015 3469 1233 3536 Santonieum
1283 3490 1397 3535 versus
1414 3489 1475 3552 per
1493 3469 1747 3554 Lotharingiam
1763 3472 1939 3554 ingressus,
1963 3495 2030 3538 non
2048 3474 2161 3557 procul
2181 3475 2265 3541 urbe

255 3559 453 3644 demigrans,
472 3559 575 3622 amieo
593 3556 722 3623 cuidam
744 3577 877 3640 operam
895 3555 993 3635 dedit,
1012 3557 1105 3622 cuius
1115 3563 1233 3640 rogatu
1283 3555 1425 3620 Metensi
1448 3557 1484 3620 in
1505 3556 1685 3622 maximam
1707 3556 1931 3623 difficultatem
1959 3559 2091 3640 incidit,
2124 3559 2264 3628 alterius

254 3645 374 3712 breves
402 3643 559 3729 quasdam
594 3642 832 3709 admonitiones
868 3643 1064 3709 christianas
1092 3641 1233 3724 scripsit,
1283 3662 1327 3706 ex
1358 3642 1463 3707 servis
1495 3641 1634 3726 perfidia
1665 3644 1804 3725 pecunia
1837 3645 1967 3727 utrique
1999 3645 2170 3730 subrepta,
2205 3649 2263 3731 qui

277 3753 337 3797 nas
358 3731 511 3814 parochis
532 3728 699 3795 nonnullis
725 3729 814 3795 inter
846 3749 940 3796 sacra
960 3728 1145 3796 recitandas
1167 3737 1233 3792 tra-
1283 3727 1386 3793 altero
1408 3748 1449 3793 ex
1472 3729 1565 3811 equis
1594 3727 1754 3794 validiore
1776 3737 1879 3796 strato
1906 3740 1973 3796 tam
2003 3741 2138 3814 repente
2167 3752 2203 3798 se
2226 3735 2263 3798 in

255 3753 388 3894 debant,
410 3827 448 3880 ut
469 3815 627 3898 paulatim
650 3814 762 3899 populi
792 3815 833 3880 ad
854 3815 1005 3881 veritatis
1026 3813 1233 3898 indagandae
1283 3813 1396 3898 lugam
1423 3812 1527 3892 dedit,
1561 3823 1599 3878 ut
1628 3815 1829 3898 deprehendi
1859 3815 1949 3881 nullo
1981 3827 2077 3900 pacto
2105 3819 2262 3902 potuerit,

255 3901 404 3969 studium
446 3900 666 3966 allicerentur.
721 3899 846 3966 llodem
890 3911 1035 3984 tempore
1068 3899 1233 3965 Neracum
1283 3899 1436 3984 horisque
1453 3901 1532 3982 ipsis
1550 3901 1591 3966 ab
1609 3901 1699 3965 omni
1719 3901 1837 3968 viatico
1853 3901 1978 3968 relictis
1988 3903 2262 3986 imparatissimis,

255 3987 455 4071 Aquitaniae
493 3987 608 4052 urbem
637 3987 746 4064 venit,
779 3987 933 4053 Iacobum
961 3987 1056 4050 illum
1084 3987 1232 4051 Fabrum
1284 3985 1364 4051 adeo
1396 3993 1434 4050 ut
1463 3985 1504 4050 ab
1537 3986 1639 4051 altero
1674 3985 1805 4052 demum
1838 3987 1982 4052 servulo
2003 3989 2115 4056 decem
2144 3998 2262 4056 mutuo

256 4073 487 4157 Stapulensem
524 4093 634 4138 senem
662 4073 880 4151 salutaturus,
912 4093 1009 4154 quem
1039 4069 1153 4137 eadem
1174 4071 1233 4136 illa
1283 4073 1423 4155 sumptis
1445 4073 1609 4138 coronatis
1623 4073 1681 4137 vix
1693 4075 1921 4156 argentinam,
1943 4073 2261 4158 indequeBasileam

255 4159 450 4225 Navarrena
471 4159 586 4238 regina
606 4177 626 4222 a
643 4156 843 4224 Serbonistis
864 4158 1078 4243 mataeologis
1099 4157 1140 4222 ob
1163 4177 1232 4222 ma-
1282 4157 1503 4241 pervenerint.
1548 4157 1599 4224 Ibi
1622 4159 1815 4240 praecipuos
1834 4157 1949 4223 habuit
1971 4161 2093 4227 amicos
2114 4183 2261 4229 summos

255 4245 448 4310 thematices
477 4251 511 4310 et
540 4244 604 4309 alia
633 4243 858 4328 philosophiae
887 4253 976 4310 reeta
1002 4243 1111 4310 studia
1138 4243 1231 4308 Pari·
1283 4242 1357 4308 illos
1378 4243 1528 4308 homines
1549 4242 1720 4308 Simonem
1744 4244 1941 4344 Grpnaeum
1966 4253 1999 4311 et
2020 4245 2260 4332 Wcllgangum

255 4330 355 4397 siensi
395 4329 592 4396 Academiae
631 4351 697 4394 non
734 4331 805 4395 sine
843 4331 970 4396 diutino
1009 4329 1232 4412 acerrimoque
1282 4329 1488 4412 Capitonem,
1510 4349 1644 4413 seseque
1654 4329 1827 4396 Hebraicis
1845 4330 1950 4397 literis
1968 4331 2071 4397 dedit:
2094 4349 2129 4398 et
2146 4355 2260 4416 quam·

256 4416 433 4484 certamine
456 4417 618 4495 restituta,
641 4425 676 4480 et
696 4415 923 4482 scholasticam
939 4415 1152 4499 Theologiam
1174 4435 1231 4480 ex·
1282 4415 1333 4481 vis
1354 4415 1456 4480 latere
1477 4413 1583 4481 modis
1605 4415 1756 4481 omnibus
1778 4415 1932 4494 studeret,
1956 4416 1989 4482 id
2011 4417 2096 4501 quod
2114 4440 2155 4484 ex
2174 4421 2259 4502 cpis-

256 4502 415 4588 agitatam
442 4501 478 4566 in
500 4501 589 4566 vitae
618 4500 793 4568 discrimen
823 4501 1001 4568 adductum
1022 4501 1178 4566 liberarat
1199 4509 1232 4566 et
1281 4501 1347 4565 tola
1369 4499 1510 4584 quadam
1532 4501 1653 4566 Bucari
1681 4501 1722 4566 ad
1750 4523 1826 4567 eum
1854 4501 1956 4570 altero
1979 4511 2052 4586 post
2074 4523 2161 4570 anno
2182 4505 2261 4572 data

255 4589 291 4654 in
312 4587 371 4652 illa
392 4607 471 4652 suae
492 4587 624 4653 ditionis
646 4585 727 4652 urhe
748 4587 930 4654 collocarat.
963 4587 1105 4670 Excepit
1122 4595 1230 4651 autem
1280 4586 1392 4670 liquet,
1411 4593 1522 4651 tamen
1540 4586 1636 4652 edere
1653 4595 1784 4654 coaetus
1803 4587 2072 4656 estGhristianaa
2090 4590 2259 4676 religionis

255 4676 410 4739 iuvenem
431 4672 536 4738 bonus
558 4694 659 4738 senex
676 4681 711 4738 et
731 4673 869 4739 libenter
890 4673 983 4752 vidit,
1005 4674 1155 4738 futurum
1172 4692 1231 4736 au·
1281 4672 1544 4751 institutionem,
1572 4692 1670 4756 quam
1691 4675 1837 4752 vocavit,
1871 4675 1979 4758 operis
2001 4675 2099 4760 longe
2120 4677 2259 4742 maximi

255 4779 381 4844 gurans
402 4759 532 4842 insigne
555 4759 704 4825 coelestis
724 4760 761 4823 in
778 4759 889 4826 Gallia
910 4758 1116 4824 instaurandi
1137 4757 1232 4842 regni
1281 4757 1514 4824 rudimentum.
1566 4757 1679 4839 Quum
1715 4761 1803 4824 enim
1835 4760 1925 4825 illam
1954 4761 2125 4829 Francisoi
2153 4763 2258 4848 Regis

144 4893 147 4900 ⁴
256 4845 523 4911 instrumentum.
584 4843 698 4910 Rediit
741 4845 907 4928 aliquanto
950 4853 1025 4930 post
1062 4845 1232 4910 Lutetiam
1282 4845 1505 4910 carnificinam
1532 4863 1630 4928 aegre
1657 4845 1782 4911 ferrent
1804 4845 1964 4912 Germani
1991 4848 2171 4932 principes,
2202 4849 2258 4933 qui

254 4929 424 5008 Calvinus,
447 4951 485 4996 eo
506 4931 600 5014 quasi
621 4932 686 4996 Dei
707 4931 810 5015 ipsius
832 4951 934 4997 manu
956 4939 1119 4996 evocatus.
1163 4929 1231 4995 Ve·
1281 4929 1451 5013 evangelie
1473 4949 1593 4994 nemen
1615 4929 1782 5011 dederant,
1805 4940 1838 4996 et
1855 4951 1995 5016 quorum
2012 4933 2068 4998 ille
2085 4943 2157 5000 tum
2175 4936 2256 5001 ami·

256 5025 353 5082 nerat
382 5016 470 5082 enim
502 5016 581 5082 illuc
611 5017 732 5101 impius
764 5016 820 5082 ille
848 5016 1022 5095 Servatus,
1062 5018 1127 5082 iam
1160 5021 1232 5082 tum
1281 5016 1394 5083 citiam
1416 5015 1596 5090 ambiebat,
1625 5015 1688 5082 hoo
1709 5039 1812 5083 unum
1832 5017 1890 5083 ille
1910 5016 2004 5102 σοφὸν
2022 5011 2177 5103 φάρμακον
2199 5041 2256 5087 au·

1282 5109 1352 5167 tore
1375 5101 1553 5168 Guilielmo
1575 5101 1701 5169 Bellaio
1727 5103 1883 5188 Langaeo
1905 5113 2085 5188 repererat,
2118 5115 2157 5172 ut
2183 5128 2255 5174 sese

1281 5188 1413 5254 nonnisi
1444 5188 1479 5252 in
1507 5187 1756 5271 Anabaptistas,
1789 5210 1849 5272 pro
1882 5189 1981 5256 verbo
2013 5189 2126 5258 divium
2158 5213 2254 5259 suum

344 5290 372 5360 1)
390 5289 463 5344 Edu.
481 5297 589 5348 „mg
606 5289 671 5346 aaa,
689 5297 784 5346 tetum
1284 5279 1413 5339 tantum
1429 5273 1582 5358 spiritum
1598 5275 1767 5353 iactantes,
1789 5283 1823 5340 et
1839 5275 1985 5342 omnium
2003 5279 2254 5363 magistratuum
