4848 6120
1308 1703 1400 1801 ΠΙ.

987 1903 1242 1994 IOANNIS
1275 1906 1529 1995 clavim
1559 1909 1712 1994 VITA

684 2075 716 2141 A
738 2075 909 2140 Theodoro
931 2075 1021 2141 Beaa
1042 2074 1251 2142 Geuevensis
1272 2073 1427 2142 ecclesiae
1449 2076 1599 2143 ministro
1621 2083 1772 2144 accurate
1796 2073 1967 2157 descripta.
1983 2076 2008 2158 ¹)

431 2281 469 2350 si
490 2282 563 2366 quis
585 2279 649 2345 erit
667 2281 723 2363 qui
741 2301 795 2346 me
813 2280 877 2346 alio
895 2300 994 2363 quam
1011 2280 1155 2344 tuendae
1172 2279 1322 2345 veritatis
1375 2281 1499 2362 haberi,
1521 2282 1576 2364 qui
1599 2289 1710 2346 tamen
1733 2281 1858 2364 quoties
1887 2280 1968 2345 libet
1990 2278 2188 2347 Sanctorum
2211 2279 2349 2344 cultores

343 2367 453 2438 studio
475 2367 643 2433 existimet
665 2367 706 2431 ad
730 2366 816 2432 hano
837 2366 974 2432 Ioannis
992 2365 1122 2432 (lalvini
1140 2367 1243 2430 vitam
1267 2365 1321 2429 de·
1375 2376 1412 2432 ut
1446 2367 1634 2433 idololatras
1666 2365 1955 2449 reprehendamus.
2000 2364 2171 2441 Clamant,
2207 2365 2348 2447 inquam,

345 2453 550 2521 scribendam
579 2453 769 2528 accessisse,
802 2452 897 2518 facile
930 2472 984 2516 me
1010 2461 1049 2516 ut
1076 2471 1171 2534 spero
1198 2450 1239 2515 ab
1260 2449 1323 2514 hac
1375 2453 1429 2518 isti
1462 2463 1620 2537 quantum
1654 2461 1686 2518 et
1719 2451 1876 2534 quamdiu
1907 2451 2029 2518 volent.
2073 2450 2245 2516 Habemus
2267 2448 2349 2533 quod

344 2540 510 2608 calumnia
531 2557 687 2622 praeseus
708 2557 820 2602 rerum
843 2536 1062 2602 humanarum
1085 2545 1191 2603 status
1212 2536 1322 2602 vindi·
1375 2538 1441 2604 illis
1463 2557 1667 2622 regeramus:
1697 2557 1815 2620 nempe
1836 2536 1934 2620 longe
1957 2535 2047 2601 aliud
2069 2557 2141 2602 esse
2161 2557 2241 2603 vere
2263 2555 2350 2601 sano·

344 2627 438 2694 oabit.
484 2625 552 2690 Vix
574 2624 662 2687 euim
684 2621 790 2688 ullum
812 2631 862 2688 est
882 2622 1014 2688 brevius
1047 2622 1088 2686 ad
1116 2643 1245 2688 omnem
1268 2643 1322 2688 oa·
1375 2633 1482 2690 torum
1523 2625 1694 2689 hominum
1733 2623 1859 2688 laboras
1892 2644 1950 2705 pro
1984 2623 2141 2706 religione
2173 2631 2349 2706 susceptos,

341 2713 523 2778 lumitatem
553 2707 797 2792 compendium,
831 2728 928 2792 quam
962 2710 1121 2774 virtutem
1153 2706 1321 2774 laudasse:
1375 2708 1462 2775 diota
1501 2709 1642 2792 denique
1681 2717 1715 2774 et
1753 2708 1841 2774 faeta
1881 2728 2153 2786 commemorare,
2196 2711 2348 2790 (quarum

341 2807 509 2863 extremae
530 2816 608 2862 vero
631 2792 812 2859 dementiae
833 2793 941 2872 fuerit,
964 2793 1049 2876 quod
1071 2793 1196 2858 malum
1216 2793 1322 2876 possis
1374 2817 1483 2862 rorum
1519 2796 1705 2879 cognitione
1737 2795 1813 2860 boui
1845 2794 1998 2860 meliores
2018 2794 2177 2871 evadant,
2211 2793 2349 2875 improbi

340 2883 393 2951 val
421 2903 488 2948 uuo
518 2881 647 2950 silentio
676 2880 855 2959 redimere,
885 2879 920 2944 id
948 2879 1037 2944 ultro
1064 2880 1123 2945 tibi
1145 2899 1319 2945 accersere.
1374 2901 1453 2948 vero
1476 2880 1727 2966 redarguantur,
1746 2879 1802 2963 qui
1819 2880 1914 2945 uobis
1931 2901 2018 2945 unus
2035 2888 2086 2945 est
2103 2899 2221 2963 scopus
2239 2880 2272 2943 iu
2292 2879 2349 2944 hoe

337 2967 437 3052 Quod
465 2969 494 3034 si
524 2989 566 3032 ue
586 2967 742 3034 virtutem
773 2964 904 3048 quidem
933 2964 1034 3030 ullam
1064 2963 1199 3047 impune
1225 2985 1320 3048 praa·
1373 2967 1569 3050 scriptorum
1592 2968 1745 3051 genere),
1777 2986 1886 3048 quam,
1919 2975 1957 3030 ut
1977 2965 2041 3049 ipsi
2064 2967 2199 3044 faciunt,
2232 2965 2351 3048 partim

338 3055 449 3122 dicare
481 3053 654 3137 patiuntur
687 3051 852 3131 euulsisti,
883 3048 961 3134 qnid
990 3050 1031 3115 iis
1063 3048 1320 3133 exspectandum
1374 3073 1451 3119 vere
1473 3061 1660 3120 sanctorum
1689 3052 1859 3117 bominum
1882 3053 1985 3116 vitam
2014 3071 2080 3116 non
2110 3052 2221 3117 minus
2242 3050 2350 3133 impiis

341 3149 409 3216 aet,
443 3139 563 3222 quibus
584 3137 756 3222 pietatem,
787 3136 899 3202 idest
928 3135 1082 3219 quiddam
1104 3136 1177 3218 ipsa
1197 3137 1321 3203 virtute
1373 3159 1471 3222 quam
1507 3139 1627 3223 ineptis
1660 3138 1904 3203 narrationibus
1937 3139 1990 3219 (nt
2022 3137 2107 3221 quod
2136 3135 2262 3203 Abdias
2297 3137 2351 3200 ille

342 3225 504 3309 superius,
522 3221 712 3307 praedicare
729 3223 933 3305 propositum
945 3219 1015 3287 est?
1038 3221 1091 3287 cui
1103 3243 1169 3285 nou
1181 3219 1321 3304 improbi
1374 3225 1482 3291 nescio
1501 3225 1573 3308 quis
1592 3226 1628 3289 in
1641 3224 1874 3306 Apostolorum
1892 3223 2135 3304 historiafecit)
2148 3222 2349 3300 dedecorare,

341 3318 474 3378 tautum
497 3309 649 3376 homines
670 3307 905 3386 adversantur,
927 3307 985 3372 sad
1008 3307 1105 3372 etiam
1128 3306 1321 3390 plerumque
1373 3309 1494 3394 partim
1517 3331 1558 3375 ex
1580 3310 1797 3392 putidissimis
1819 3307 1998 3376 mendaciis
2016 3309 2179 3374 fabulosas
2198 3309 2352 3374 historias

340 3396 453 3482 iiipsi
476 3393 598 3461 bellum
620 3391 829 3470 indixerunt,
857 3393 913 3476 qui
935 3393 1079 3458 maxime
1100 3393 1194 3477 probi
1216 3391 1321 3458 videri
1374 3397 1471 3480 (quas
1510 3397 1610 3480 vulgo
1643 3395 1818 3480 Legendas
1855 3415 1972 3462 aureas
2012 3395 2151 3461 barbaro
2184 3395 2351 3470 vocabulo,

341 3503 380 3550 ao
408 3481 576 3547 interdum
604 3499 675 3546 esse
705 3477 848 3544 student.
893 3479 963 3545 Nec
994 3479 1082 3544 enim
1115 3479 1199 3546 ullos
1220 3478 1322 3544 habet
1374 3503 1435 3564 ego
1452 3479 1664 3566 Ablegandas
1686 3489 1866 3548 stercoreas
1889 3481 2031 3565 appello)
2049 3483 2201 3558 conflare,
2225 3501 2263 3546 ac
2279 3488 2350 3544 tau·
2414 3487 2415 3560 l

342 3571 450 3655 pietas
472 3566 612 3632 acueres
629 3565 790 3645 inimicos,
813 3583 910 3648 quam
933 3584 987 3630 eos
1008 3566 1105 3649 ipsos,
1127 3566 1184 3650 qui
1206 3564 1321 3630 falsam
1374 3567 1448 3633 dem
1478 3569 1576 3632 etiam
1605 3575 1754 3634 veterum
1784 3566 1920 3632 deorum
1948 3567 2036 3632 idola
2065 3567 2201 3632 mutatis
2223 3573 2350 3632 tautum
2414 3563 2415 3639 l

342 3655 537 3740 religionem
567 3671 627 3735 pro
649 3670 730 3717 uera
758 3652 843 3716 sario
873 3660 951 3716 suut
971 3651 1124 3734 amplexi.
1169 3649 1237 3716 Sed
1259 3651 1323 3716 ista
1374 3653 1560 3720 nominibus
1579 3654 1615 3717 in
1638 3674 1733 3719 usum
1755 3673 1918 3719 revocare.
1963 3653 2044 3718 llam
2072 3653 2176 3736 igitur
2197 3653 2351 3718 absumus

342 3761 398 3807 me
419 3737 633 3823 quantumvis
654 3737 690 3802 iu
712 3737 853 3820 speciem
875 3735 1035 3802 terribilia
1056 3736 1191 3801 minime
1209 3744 1322 3802 tamen
1374 3740 1415 3806 ab
1438 3739 1509 3805 istis
1530 3749 1733 3806 mortuorum
1756 3740 1953 3818 cultoribus,
1983 3759 2081 3822 quam
2109 3737 2265 3804 tenebrae
2287 3737 2351 3803 luci

344 3825 567 3912 perculerunt.
623 3823 733 3906 Turpe
764 3823 850 3887 euim
884 3823 1000 3902 fuerit,
1037 3821 1199 3888 malorum
1232 3831 1323 3887 metu
1374 3829 1569 3909 repugnant.
1613 3825 1701 3890 Illud
1722 3827 1810 3890 enim
1833 3821 2051 3891 severissimis
2073 3823 2195 3890 additis
2218 3824 2351 3890 commi·

343 3913 447 3980 bonos
469 3909 566 3976 silere
588 3917 621 3973 et
642 3908 941 3991 superstitiosorum
970 3908 1167 3974 clamoribus
1188 3928 1322 3990 oppres·
1374 3911 1564 3976 nationibus
1592 3911 1743 3995 prohibet
1764 3911 1945 3976 Dominus:
1978 3931 2038 3976 nos
2060 3911 2132 3976 Deo
2159 3910 2285 3975 iubenti
2316 3910 2351 3974 iu

346 4019 416 4064 sam
449 3995 617 4080 religionis
645 4015 759 4060 vocem
792 3996 1015 4060 conticescere.
1058 3993 1155 4076 Quod
1189 3995 1217 4060 si
1250 3993 1323 4077 quis
1374 3998 1477 4080 ipsius
1509 4019 1608 4080 opera
1640 3999 1785 4081 corporis
1817 4005 1851 4063 et
1883 3997 2003 4062 mentis
2037 3997 2149 4062 oculos
2180 3994 2350 4061 intendere

348 4083 507 4165 excipiat,
537 4082 634 4164 longe
663 4078 853 4146 aliudesse
882 4079 1013 4145 Caluini
1042 4080 1143 4146 vitam
1172 4081 1322 4156 seribere,
1375 4084 1592 4166 obsequimur.
1647 4084 1753 4150 Nemo
1785 4085 1872 4150 enim
1906 4095 1972 4160 est,
2016 4085 2149 4167 opinor,
2193 4083 2248 4166 qui
2284 4101 2350 4145 nou
2413 4099 2414 4158 3

348 4189 446 4252 quarn
480 4167 652 4233 veritatem
686 4164 875 4244 defendere,
907 4163 1033 4230 fatebor
1068 4165 1218 4249 equidem
1252 4185 1322 4249 aga,
1375 4169 1524 4234 homines
1552 4171 1640 4235 inter
1668 4169 1779 4234 omnia
1804 4170 1867 4234 Dei
1894 4190 2008 4253 opera,
2042 4178 2076 4233 et
2104 4189 2235 4234 rursum
2265 4169 2350 4232 inter
2413 4181 2414 4251 ι

348 4255 446 4340 longe
478 4252 569 4318 eliud
602 4273 673 4318 cese
705 4251 872 4316 hominem
904 4271 1001 4333 quam
1034 4255 1224 4317 veritatem:
1266 4249 1323 4316 scd
1375 4263 1520 4322 caeteros
1541 4255 1697 4321 mortales
1720 4275 1791 4334 eos,
1825 4255 1880 4338 qui
1904 4257 2075 4320 sanctitate
2097 4255 2194 4321 simul
2219 4275 2257 4320 ac
2279 4252 2350 4318 dcc-

348 4339 411 4408 hoo
433 4349 543 4404 tamen
566 4337 674 4403 dicere
696 4359 760 4402 nou
781 4336 979 4416 erubescam,
1002 4337 1089 4402 baud
1112 4345 1236 4402 temere
1258 4337 1324 4402 dic·
1375 4341 1464 4405 trina
1484 4341 1618 4424 pollent,
1644 4342 1788 4406 maxime
1809 4341 1903 4406 nobis
1925 4341 2166 4426 cognoscendos
2187 4349 2221 4408 at
2241 4341 2350 4407 obser-

348 4435 420 4492 tum
442 4445 513 4491 asse
534 4423 641 4502 abeo,
664 4423 719 4506 qui
742 4420 1118 4503 estairatq'daassoau.
1138 4429 1230 4488 ιον.
1251 4425 1323 4504 21):
1375 4425 1501 4493 vandos
1534 4449 1604 4492 esee
1635 4428 1787 4492 fateatur.
1845 4427 1920 4492 Nou
1954 4439 2077 4494 temere
2109 4437 2199 4494 certe
2231 4423 2348 4493 Daniel

349 4511 445 4580 Siout
466 4509 558 4576 misit
579 4529 632 4573 me
653 4519 754 4592 pater,
776 4509 824 4573 ita
842 4516 876 4571 et
892 4529 952 4593 ego
969 4509 1064 4573 mitto
1081 4527 1150 4587 vos,
1172 4517 1206 4574 et
1225 4509 1323 4591 (Luc.
1376 4513 1480 4578 stallis
1491 4521 1657 4595 comparat
1678 4513 2050 4590 sanotosDeihomines‚
2074 4514 2175 4596 (Dan.
2192 4519 2238 4580 12.
2260 4535 2290 4578 v.
2314 4509 2350 4590 3)

353 4603 401 4664 10.
424 4619 456 4664 v.
483 4596 547 4678 16.)
592 4595 658 4676 Qui
691 4615 750 4660 vos
778 4593 887 4672 audit,
919 4614 973 4658 me
1001 4591 1101 4660 audit.
1146 4593 1325 4659 Clamitent
1375 4599 1430 4680 qui
1452 4598 1614 4664 felicitatis
1641 4599 1704 4663 iter
1731 4619 1791 4665 suo
1820 4598 1993 4681 splendore
2025 4601 2163 4667 caeteris
2185 4619 2350 4667 common·

348 4685 451 4770 igitur
469 4682 627 4760 homines,
651 4687 720 4744 tum
739 4679 796 4764 qui
812 4679 846 4744 id
864 4678 925 4744 sibi
943 4700 1002 4762 per
1018 4679 1239 4764 ignorantiam
1250 4701 1324 4762 per·
1376 4691 1495 4752 strant:
1517 4702 1656 4766 quorum
1678 4685 1838 4770 fulgorem
1861 4686 1916 4768 qui
1938 4693 2044 4751 totum
2062 4687 2228 4772 exstingui
2245 4693 2351 4750 morte
2412 4671 2413 4690 ³

349 4777 533 4846 suaserunt,
556 4775 628 4831 tum
649 4765 705 4848 qui
723 4785 781 4849 per
803 4765 1045 4848 improbitatem
1064 4765 1111 4831 sic
1131 4765 1324 4848 loquuntur,
1376 4770 1564 4852 patiuntur,
1595 4770 1687 4855 digni
1715 4779 1793 4836 sunt
1814 4791 1894 4854 quos
1916 4771 2071 4837 tenebrae
2093 4793 2224 4838 rursum
2245 4769 2349 4836 multo

349 4855 555 4932 Lutberum,
585 4849 801 4936 Zwiuglium,
824 4849 1001 4917 Calvinum
1024 4871 1044 4915 a
1065 4851 1159 4916 nobis
1179 4871 1240 4935 pro
1263 4851 1325 4916 diis
1376 4875 1474 4938 quam
1496 4865 1593 4922 autea
1615 4857 1780 4922 densiores
1802 4857 1969 4924 invadant.
2013 4857 2189 4924 (laetorum
2213 4879 2253 4924 ue
2271 4855 2349 4920 illos

552 5038 558 5052 .
987 5037 993 5050 ⁶
1376 4939 1507 5050 quidem
1525 4942 1648 5041 placuit
1668 4943 1800 5043 imitari,
1823 4944 1880 5025 qui
1898 4943 1976 5010 dum
1994 4943 2188 5010 ὲπιδειπικᾶν
2209 4955 2241 5046 οι
2255 4961 2348 5018 πανη-

349 5113 391 5169 ..
416 5035 1325 5174 >mammaeae
1349 5093 1351 5135 ι
1375 5027 1790 5191 ιιιιιιιιιιειι,
1820 5051 1932 5200 ιιι
1955 5040 2149 5200 atta.
2175 5037 2348 5184 ιιιιιο

349 5175 1108 5316 fflssffimssffl'fflmfflfflfflm,
1125 5177 1325 5301 3⁸¹⁶*AE
1349 5224 1350 5269 ι
1375 5195 1596 5264 reddiderunt.
1640 5201 1756 5281 Itaque
1785 5222 1852 5267 non
1881 5223 1980 5287 quam
2008 5213 2139 5284 ornate,
2173 5203 2229 5270 sed
2247 5219 2345 5284 quam

350 5317 389 5374 sd
405 5316 676 5372 Amsamm
701 5327 853 5382 aprum,
893 5311 1037 5371 papeia,
1062 5312 1141 5368 nodo
1168 5285 1221 5368 lm
1245 5314 1324 5369 nom
1349 5314 1351 5343 ι
1376 5303 1453 5349 vere
1475 5285 1648 5350 scriberem
1670 5285 1837 5367 laborans,
1871 5287 2009 5373 simplici
2031 5290 2140 5373 potius
2161 5285 2347 5356 narrabone

347 5389 425 5444 aloa
441 5387 549 5455 recepti.
1349 5372 1351 5448 l
1374 5368 1533 5434 utendum
1553 5370 1676 5454 putavi.
2411 5397 2412 5452 ι
