<?xml version="1.0" encoding="UTF-8"?>
<!DOCTYPE html PUBLIC "-//W3C//DTD XHTML 1.0 Transitional//EN"
    "http://www.w3.org/TR/xhtml1/DTD/xhtml1-transitional.dtd">
<html xmlns="http://www.w3.org/1999/xhtml" xml:lang="en" lang="en">
 <head>
  <title>
</title>
<meta http-equiv="Content-Type" content="text/html;charset=utf-8" />
  <meta name='ocr-system' content='tesseract 3.04.00' />
  <meta name='ocr-capabilities' content='ocr_page ocr_carea ocr_par ocr_line ocrx_word'/>
</head>
<body>
  <div class='ocr_page' id='page_1' title='image "./ioanniscalvinio13calvgoog/ioanniscalvinio13calvgoog_0098.png"; bbox 0 0 4772 6126; ppageno 0'>
   <div class='ocr_carea' id='block_1_1' title="bbox 130 439 2114 514">
    <p class='ocr_par' dir='ltr' id='par_1_1' title="bbox 130 439 2114 514">
     <span class='ocr_line' id='line_1_1' title="bbox 130 439 2114 514; baseline 0.001 -4"><span class='ocrx_word' id='word_1_1' title='bbox 130 446 181 510; x_wconf 87' lang='grc'>169</span> <span class='ocrx_word' id='word_1_2' title='bbox 949 447 1062 514; x_wconf 76' lang='lat' dir='ltr'>Vtut</span> <span class='ocrx_word' id='word_1_3' title='bbox 1083 439 1289 514; x_wconf 71' lang='lat' dir='ltr'>estvm.</span> <span class='ocrx_word' id='word_1_4' title='bbox 2053 450 2114 512; x_wconf 88' lang='grc'>170</span> 
     </span>
    </p>
   </div>
   <div class='ocr_carea' id='block_1_2' title="bbox 117 627 2116 2600">
    <p class='ocr_par' dir='ltr' id='par_1_2' title="bbox 117 627 2116 2600">
     <span class='ocr_line' id='line_1_2' title="bbox 127 627 2116 718; baseline -0.001 -19"><span class='ocrx_word' id='word_1_5' title='bbox 127 633 396 716; x_wconf 83' lang='lat' dir='ltr'>sapientissimum</span> <span class='ocrx_word' id='word_1_6' title='bbox 423 635 543 712; x_wconf 88' lang='lat' dir='ltr'>civem,</span> <span class='ocrx_word' id='word_1_7' title='bbox 571 635 706 702; x_wconf 90' lang='lat' dir='ltr'>ecclesia</span> <span class='ocrx_word' id='word_1_8' title='bbox 735 634 923 718; x_wconf 77' lang='lat' dir='ltr'><strong>deplorabat</strong></span> <span class='ocrx_word' id='word_1_9' title='bbox 951 636 1009 702; x_wconf 90' lang='lat' dir='ltr'>fidi</span> <span class='ocrx_word' id='word_1_10' title='bbox 1040 637 1090 702; x_wconf 78' lang='lat' dir='ltr'>sm·</span> <span class='ocrx_word' id='word_1_11' title='bbox 1143 627 1333 696; x_wconf 86' lang='lat' dir='ltr'>iudiciosius</span> <span class='ocrx_word' id='word_1_12' title='bbox 1356 629 1495 713; x_wconf 91' lang='lat' dir='ltr'>denique</span> <span class='ocrx_word' id='word_1_13' title='bbox 1517 631 1656 714; x_wconf 89' lang='lat' dir='ltr'>scripsit,</span> <span class='ocrx_word' id='word_1_14' title='bbox 1678 652 1779 715; x_wconf 93' lang='lat' dir='ltr'>quum</span> <span class='ocrx_word' id='word_1_15' title='bbox 1797 641 1906 698; x_wconf 88' lang='lat' dir='ltr'>tamen</span> <span class='ocrx_word' id='word_1_16' title='bbox 1924 641 1992 698; x_wconf 90' lang='lat' dir='ltr'>tam</span> <span class='ocrx_word' id='word_1_17' title='bbox 2010 633 2116 699; x_wconf 88' lang='lat' dir='ltr'>multe</span> 
     </span>
     <span class='ocr_line' id='line_1_3' title="bbox 126 715 2114 804; baseline 0.004 -20"><span class='ocrx_word' id='word_1_18' title='bbox 126 719 257 802; x_wconf 84' lang='lat' dir='ltr'>pastoris</span> <span class='ocrx_word' id='word_1_19' title='bbox 278 718 456 798; x_wconf 89' lang='lat' dir='ltr'>decessum,</span> <span class='ocrx_word' id='word_1_20' title='bbox 478 721 590 786; x_wconf 87' lang='lat' dir='ltr'>schola</span> <span class='ocrx_word' id='word_1_21' title='bbox 611 731 761 804; x_wconf 89' lang='lat' dir='ltr'>ereptum</span> <span class='ocrx_word' id='word_1_22' title='bbox 783 721 845 787; x_wconf 92' lang='lat' dir='ltr'>sibi</span> <span class='ocrx_word' id='word_1_23' title='bbox 863 721 963 786; x_wconf 89' lang='lat' dir='ltr'>talem</span> <span class='ocrx_word' id='word_1_24' title='bbox 980 720 1090 788; x_wconf 91' lang='lat' dir='ltr'>docto-</span> <span class='ocrx_word' id='word_1_25' title='bbox 1143 715 1325 798; x_wconf 70' lang='lat' dir='ltr'>scripserit,</span> <span class='ocrx_word' id='word_1_26' title='bbox 1359 735 1456 799; x_wconf 73' lang='grc'><strong>(1111111</strong></span> <span class='ocrx_word' id='word_1_27' title='bbox 1488 718 1658 782; x_wconf 71' lang='grc'><strong>1161110111</strong></span> <span class='ocrx_word' id='word_1_28' title='bbox 1685 725 1797 782; x_wconf 72' lang='lat' dir='ltr'>nostru</span> <span class='ocrx_word' id='word_1_29' title='bbox 1818 719 1870 784; x_wconf 75' lang='lat' dir='ltr'>vel</span> <span class='ocrx_word' id='word_1_30' title='bbox 1892 727 2024 801; x_wconf 65' lang='lat' dir='ltr'>patrum</span> <span class='ocrx_word' id='word_1_31' title='bbox 2045 739 2114 784; x_wconf 78' lang='lat' dir='ltr'>me·</span> 
     </span>
     <span class='ocr_line' id='line_1_4' title="bbox 125 801 2114 889; baseline -0.001 -19"><span class='ocrx_word' id='word_1_32' title='bbox 125 826 187 870; x_wconf 89' lang='lat' dir='ltr'>rem</span> <span class='ocrx_word' id='word_1_33' title='bbox 208 803 353 889; x_wconf 82' lang='lat' dir='ltr'>lugebat,</span> <span class='ocrx_word' id='word_1_34' title='bbox 375 825 489 870; x_wconf 91' lang='lat' dir='ltr'>omnes</span> <span class='ocrx_word' id='word_1_35' title='bbox 508 805 648 889; x_wconf 90' lang='lat' dir='ltr'>denique</span> <span class='ocrx_word' id='word_1_36' title='bbox 669 815 706 870; x_wconf 93' lang='lat' dir='ltr'>ut</span> <span class='ocrx_word' id='word_1_37' title='bbox 723 807 890 873; x_wconf 84' lang='lat' dir='ltr'>communi</span> <span class='ocrx_word' id='word_1_38' title='bbox 910 806 1090 874; x_wconf 85' lang='lat' dir='ltr'>secundum</span> <span class='ocrx_word' id='word_1_39' title='bbox 1142 801 1253 866; x_wconf 91' lang='lat' dir='ltr'>moria.</span> <span class='ocrx_word' id='word_1_40' title='bbox 1297 801 1380 865; x_wconf 89' lang='lat' dir='ltr'>Erat</span> <span class='ocrx_word' id='word_1_41' title='bbox 1401 802 1491 866; x_wconf 90' lang='lat' dir='ltr'>anim</span> <span class='ocrx_word' id='word_1_42' title='bbox 1512 802 1574 868; x_wconf 91' lang='lat' dir='ltr'>hoa</span> <span class='ocrx_word' id='word_1_43' title='bbox 1601 815 1819 886; x_wconf 79' lang='lat' dir='ltr'>consequutus</span> <span class='ocrx_word' id='word_1_44' title='bbox 1848 805 1970 888; x_wconf 84' lang='lat' dir='ltr'>vigiliis</span> <span class='ocrx_word' id='word_1_45' title='bbox 1999 805 2114 870; x_wconf 88' lang='lat' dir='ltr'>iuven·</span> 
     </span>
     <span class='ocr_line' id='line_1_5' title="bbox 125 885 2115 973; baseline -0.001 -17"><span class='ocrx_word' id='word_1_46' title='bbox 125 890 227 956; x_wconf 91' lang='lat' dir='ltr'>Deum</span> <span class='ocrx_word' id='word_1_47' title='bbox 249 897 384 973; x_wconf 88' lang='lat' dir='ltr'>parente</span> <span class='ocrx_word' id='word_1_48' title='bbox 407 911 445 956; x_wconf 89' lang='lat' dir='ltr'>ao</span> <span class='ocrx_word' id='word_1_49' title='bbox 466 892 666 957; x_wconf 78' lang='lat' dir='ltr'>consolatore</span> <span class='ocrx_word' id='word_1_50' title='bbox 689 893 793 959; x_wconf 89' lang='lat' dir='ltr'>orbati</span> <span class='ocrx_word' id='word_1_51' title='bbox 815 892 1090 958; x_wconf 88' lang='lat' dir='ltr'>lamentabantur.</span> <span class='ocrx_word' id='word_1_52' title='bbox 1142 886 1232 964; x_wconf 88' lang='lat' dir='ltr'>tutis,</span> <span class='ocrx_word' id='word_1_53' title='bbox 1256 893 1290 952; x_wconf 92' lang='lat' dir='ltr'>et</span> <span class='ocrx_word' id='word_1_54' title='bbox 1306 885 1447 969; x_wconf 89' lang='lat' dir='ltr'>quadem</span> <span class='ocrx_word' id='word_1_55' title='bbox 1467 887 1579 952; x_wconf 89' lang='lat' dir='ltr'>iudicii</span> <span class='ocrx_word' id='word_1_56' title='bbox 1601 889 1777 954; x_wconf 79' lang='lat' dir='ltr'>acrimonia</span> <span class='ocrx_word' id='word_1_57' title='bbox 1794 889 1937 954; x_wconf 88' lang='lat' dir='ltr'>dictandi</span> <span class='ocrx_word' id='word_1_58' title='bbox 1956 891 2115 956; x_wconf 85' lang='lat' dir='ltr'>exercita-</span> 
     </span>
     <span class='ocr_line' id='line_1_6' title="bbox 126 971 2115 1062; baseline -0.001 -20"><span class='ocrx_word' id='word_1_59' title='bbox 126 973 286 1058; x_wconf 83' lang='lat' dir='ltr'>optabant</span> <span class='ocrx_word' id='word_1_60' title='bbox 306 976 403 1041; x_wconf 88' lang='lat' dir='ltr'>multi</span> <span class='ocrx_word' id='word_1_61' title='bbox 425 977 513 1042; x_wconf 86' lang='grc'><strong>11111</strong></span> <span class='ocrx_word' id='word_1_62' title='bbox 535 999 611 1042; x_wconf 88' lang='lat' dir='ltr'>eum</span> <span class='ocrx_word' id='word_1_63' title='bbox 633 985 780 1062; x_wconf 85' lang='lat' dir='ltr'>spectare</span> <span class='ocrx_word' id='word_1_64' title='bbox 801 989 982 1058; x_wconf 89' lang='lat' dir='ltr'>mortuum,</span> <span class='ocrx_word' id='word_1_65' title='bbox 1004 978 1091 1060; x_wconf 93' lang='lat' dir='ltr'>quod</span> <span class='ocrx_word' id='word_1_66' title='bbox 1142 971 1228 1038; x_wconf 90' lang='lat' dir='ltr'>tione</span> <span class='ocrx_word' id='word_1_67' title='bbox 1249 973 1447 1050; x_wconf 86' lang='lat' dir='ltr'>confirmata,</span> <span class='ocrx_word' id='word_1_68' title='bbox 1470 983 1508 1038; x_wconf 91' lang='lat' dir='ltr'>ut</span> <span class='ocrx_word' id='word_1_69' title='bbox 1531 994 1637 1055; x_wconf 89' lang='lat' dir='ltr'>neque</span> <span class='ocrx_word' id='word_1_70' title='bbox 1659 975 1707 1038; x_wconf 93' lang='lat' dir='ltr'>illi</span> <span class='ocrx_word' id='word_1_71' title='bbox 1729 976 1855 1040; x_wconf 89' lang='lat' dir='ltr'>deesset</span> <span class='ocrx_word' id='word_1_72' title='bbox 1866 997 2009 1058; x_wconf 90' lang='lat' dir='ltr'>unquam</span> <span class='ocrx_word' id='word_1_73' title='bbox 2028 977 2115 1058; x_wconf 91' lang='lat' dir='ltr'>quod</span> 
     </span>
     <span class='ocr_line' id='line_1_7' title="bbox 124 1058 2115 1146; baseline 0.001 -20"><span class='ocrx_word' id='word_1_74' title='bbox 124 1059 160 1126; x_wconf 93' lang='lat' dir='ltr'>ab</span> <span class='ocrx_word' id='word_1_75' title='bbox 179 1081 217 1126; x_wconf 89' lang='lat' dir='ltr'>oo</span> <span class='ocrx_word' id='word_1_76' title='bbox 246 1083 288 1126; x_wconf 91' lang='lat' dir='ltr'>ne</span> <span class='ocrx_word' id='word_1_77' title='bbox 315 1069 444 1126; x_wconf 88' lang='lat' dir='ltr'>mortuo</span> <span class='ocrx_word' id='word_1_78' title='bbox 473 1063 604 1144; x_wconf 92' lang='lat' dir='ltr'>quidem</span> <span class='ocrx_word' id='word_1_79' title='bbox 631 1063 729 1130; x_wconf 85' lang='lat' dir='ltr'>avelli</span> <span class='ocrx_word' id='word_1_80' title='bbox 760 1074 901 1146; x_wconf 89' lang='lat' dir='ltr'>possent.</span> <span class='ocrx_word' id='word_1_81' title='bbox 946 1063 1090 1144; x_wconf 78' lang='lat' dir='ltr'>Quidam</span> <span class='ocrx_word' id='word_1_82' title='bbox 1142 1059 1288 1140; x_wconf 89' lang='lat' dir='ltr'>apposite</span> <span class='ocrx_word' id='word_1_83' title='bbox 1321 1067 1354 1123; x_wconf 93' lang='lat' dir='ltr'>et</span> <span class='ocrx_word' id='word_1_84' title='bbox 1386 1058 1532 1142; x_wconf 82' lang='lat' dir='ltr'>graviter</span> <span class='ocrx_word' id='word_1_85' title='bbox 1565 1059 1699 1138; x_wconf 89' lang='lat' dir='ltr'>diceret,</span> <span class='ocrx_word' id='word_1_86' title='bbox 1739 1081 1844 1143; x_wconf 90' lang='lat' dir='ltr'>neque</span> <span class='ocrx_word' id='word_1_87' title='bbox 1877 1062 1979 1126; x_wconf 91' lang='lat' dir='ltr'>multo</span> <span class='ocrx_word' id='word_1_88' title='bbox 2018 1061 2115 1127; x_wconf 89' lang='lat' dir='ltr'>aliter</span> 
     </span>
     <span class='ocr_line' id='line_1_8' title="bbox 124 1144 2114 1232; baseline 0.001 -20"><span class='ocrx_word' id='word_1_89' title='bbox 124 1147 215 1212; x_wconf 89' lang='lat' dir='ltr'>etiam</span> <span class='ocrx_word' id='word_1_90' title='bbox 249 1147 430 1231; x_wconf 82' lang='lat' dir='ltr'>peregrini,</span> <span class='ocrx_word' id='word_1_91' title='bbox 468 1149 524 1230; x_wconf 91' lang='lat' dir='ltr'>qui</span> <span class='ocrx_word' id='word_1_92' title='bbox 555 1149 689 1214; x_wconf 87' lang='lat' dir='ltr'>videndi</span> <span class='ocrx_word' id='word_1_93' title='bbox 727 1159 760 1214; x_wconf 92' lang='lat' dir='ltr'>et</span> <span class='ocrx_word' id='word_1_94' title='bbox 800 1148 952 1215; x_wconf 89' lang='lat' dir='ltr'>audiendi</span> <span class='ocrx_word' id='word_1_95' title='bbox 985 1149 1090 1232; x_wconf 91' lang='lat' dir='ltr'>ipsius</span> <span class='ocrx_word' id='word_1_96' title='bbox 1142 1144 1299 1210; x_wconf 81' lang='lat' dir='ltr'>scriberet</span> <span class='ocrx_word' id='word_1_97' title='bbox 1320 1145 1623 1226; x_wconf 89' lang='lat' dir='ltr'>quamloqueretur.</span> <span class='ocrx_word' id='word_1_98' title='bbox 1659 1146 1699 1210; x_wconf 90' lang='lat' dir='ltr'>In</span> <span class='ocrx_word' id='word_1_99' title='bbox 1722 1145 1878 1223; x_wconf 87' lang='lat' dir='ltr'>doctrina,</span> <span class='ocrx_word' id='word_1_100' title='bbox 1902 1167 2000 1229; x_wconf 89' lang='lat' dir='ltr'>quam</span> <span class='ocrx_word' id='word_1_101' title='bbox 2018 1147 2114 1214; x_wconf 89' lang='lat' dir='ltr'>initio</span> 
     </span>
     <span class='ocr_line' id='line_1_9' title="bbox 123 1227 2115 1317; baseline 0.004 -26"><span class='ocrx_word' id='word_1_102' title='bbox 123 1251 213 1298; x_wconf 82' lang='lat' dir='ltr'>causa</span> <span class='ocrx_word' id='word_1_103' title='bbox 235 1233 348 1315; x_wconf 77' lang='lat' dir='ltr'>procul</span> <span class='ocrx_word' id='word_1_104' title='bbox 370 1243 539 1312; x_wconf 78' lang='lat' dir='ltr'>venerant,</span> <span class='ocrx_word' id='word_1_105' title='bbox 561 1236 649 1300; x_wconf 69' lang='lat' dir='ltr'>inter</span> <span class='ocrx_word' id='word_1_106' title='bbox 676 1255 756 1317; x_wconf 74' lang='lat' dir='ltr'>quos</span> <span class='ocrx_word' id='word_1_107' title='bbox 777 1237 874 1300; x_wconf 74' lang='lat' dir='ltr'>etiam</span> <span class='ocrx_word' id='word_1_108' title='bbox 897 1233 1089 1302; x_wconf 65' lang='grc'><strong>1111111111-</strong></span> <span class='ocrx_word' id='word_1_109' title='bbox 1141 1227 1284 1306; x_wconf 79' lang='lat' dir='ltr'>tradidit,</span> <span class='ocrx_word' id='word_1_110' title='bbox 1308 1229 1349 1294; x_wconf 91' lang='lat' dir='ltr'>ad</span> <span class='ocrx_word' id='word_1_111' title='bbox 1372 1239 1556 1294; x_wconf 84' lang='lat' dir='ltr'>extremum</span> <span class='ocrx_word' id='word_1_112' title='bbox 1577 1237 1729 1297; x_wconf 90' lang='lat' dir='ltr'>constans</span> <span class='ocrx_word' id='word_1_113' title='bbox 1750 1231 1832 1296; x_wconf 88' lang='lat' dir='ltr'>nihil</span> <span class='ocrx_word' id='word_1_114' title='bbox 1851 1233 2115 1314; x_wconf 88' lang='lat' dir='ltr'>prorsusimmu·</span> 
     </span>
     <span class='ocr_line' id='line_1_10' title="bbox 122 1315 2115 1404; baseline 0.001 -22"><span class='ocrx_word' id='word_1_115' title='bbox 122 1318 265 1383; x_wconf 89' lang='lat' dir='ltr'>rissimus</span> <span class='ocrx_word' id='word_1_116' title='bbox 297 1318 364 1396; x_wconf 88' lang='lat' dir='ltr'>vir,</span> <span class='ocrx_word' id='word_1_117' title='bbox 398 1319 531 1402; x_wconf 85' lang='lat' dir='ltr'>reginae</span> <span class='ocrx_word' id='word_1_118' title='bbox 564 1320 706 1404; x_wconf 82' lang='lat' dir='ltr'>Angliae</span> <span class='ocrx_word' id='word_1_119' title='bbox 743 1321 776 1384; x_wconf 91' lang='lat' dir='ltr'>in</span> <span class='ocrx_word' id='word_1_120' title='bbox 809 1321 919 1386; x_wconf 85' lang='lat' dir='ltr'>Gallia</span> <span class='ocrx_word' id='word_1_121' title='bbox 950 1321 1088 1404; x_wconf 83' lang='lat' dir='ltr'>legatus,</span> <span class='ocrx_word' id='word_1_122' title='bbox 1141 1315 1234 1393; x_wconf 89' lang='lat' dir='ltr'>tavit,</span> <span class='ocrx_word' id='word_1_123' title='bbox 1256 1315 1342 1396; x_wconf 91' lang='lat' dir='ltr'>quod</span> <span class='ocrx_word' id='word_1_124' title='bbox 1364 1315 1477 1397; x_wconf 88' lang='lat' dir='ltr'>paucis</span> <span class='ocrx_word' id='word_1_125' title='bbox 1499 1324 1613 1381; x_wconf 91' lang='lat' dir='ltr'>nostra</span> <span class='ocrx_word' id='word_1_126' title='bbox 1642 1317 1799 1382; x_wconf 90' lang='lat' dir='ltr'>memoria</span> <span class='ocrx_word' id='word_1_127' title='bbox 1828 1317 1989 1404; x_wconf 83' lang='lat' dir='ltr'>theologis</span> <span class='ocrx_word' id='word_1_128' title='bbox 2011 1319 2115 1384; x_wconf 87' lang='lat' dir='ltr'>couti·</span> 
     </span>
     <span class='ocr_line' id='line_1_11' title="bbox 122 1399 2115 1489; baseline -0.001 -21"><span class='ocrx_word' id='word_1_129' title='bbox 122 1402 210 1470; x_wconf 79' lang='lat' dir='ltr'>aride</span> <span class='ocrx_word' id='word_1_130' title='bbox 234 1401 410 1468; x_wconf 86' lang='lat' dir='ltr'>admodum</span> <span class='ocrx_word' id='word_1_131' title='bbox 432 1406 552 1469; x_wconf 90' lang='lat' dir='ltr'>intueri</span> <span class='ocrx_word' id='word_1_132' title='bbox 574 1407 690 1470; x_wconf 87' lang='lat' dir='ltr'>saltem</span> <span class='ocrx_word' id='word_1_133' title='bbox 714 1405 903 1472; x_wconf 86' lang='lat' dir='ltr'>defunctum</span> <span class='ocrx_word' id='word_1_134' title='bbox 926 1407 1088 1489; x_wconf 88' lang='lat' dir='ltr'>petebant.</span> <span class='ocrx_word' id='word_1_135' title='bbox 1141 1401 1197 1484; x_wconf 83' lang='lat' dir='ltr'>git·</span> <span class='ocrx_word' id='word_1_136' title='bbox 1243 1399 1340 1480; x_wconf 77' lang='lat' dir='ltr'>Quod</span> <span class='ocrx_word' id='word_1_137' title='bbox 1362 1401 1402 1464; x_wconf 88' lang='lat' dir='ltr'>ad</span> <span class='ocrx_word' id='word_1_138' title='bbox 1425 1401 1528 1484; x_wconf 92' lang='lat' dir='ltr'>ipsius</span> <span class='ocrx_word' id='word_1_139' title='bbox 1550 1423 1657 1468; x_wconf 90' lang='lat' dir='ltr'>mores</span> <span class='ocrx_word' id='word_1_140' title='bbox 1679 1403 1813 1481; x_wconf 83' lang='lat' dir='ltr'>attinet,</span> <span class='ocrx_word' id='word_1_141' title='bbox 1843 1403 1991 1486; x_wconf 89' lang='lat' dir='ltr'>quamvis</span> <span class='ocrx_word' id='word_1_142' title='bbox 2020 1404 2115 1469; x_wconf 92' lang='lat' dir='ltr'>illum</span> 
     </span>
     <span class='ocr_line' id='line_1_12' title="bbox 122 1485 2115 1574; baseline 0 -18"><span class='ocrx_word' id='word_1_143' title='bbox 122 1489 166 1554; x_wconf 79' lang='lat' dir='ltr'>Ao</span> <span class='ocrx_word' id='word_1_144' title='bbox 196 1490 292 1554; x_wconf 89' lang='lat' dir='ltr'>initio</span> <span class='ocrx_word' id='word_1_145' title='bbox 324 1489 454 1572; x_wconf 89' lang='lat' dir='ltr'>quidem</span> <span class='ocrx_word' id='word_1_146' title='bbox 488 1490 751 1557; x_wconf 83' lang='lat' dir='ltr'>admittebantur.</span> <span class='ocrx_word' id='word_1_147' title='bbox 797 1491 864 1557; x_wconf 78' lang='lat' dir='ltr'>Sed</span> <span class='ocrx_word' id='word_1_148' title='bbox 893 1490 978 1574; x_wconf 91' lang='lat' dir='ltr'>quod</span> <span class='ocrx_word' id='word_1_149' title='bbox 1011 1491 1090 1556; x_wconf 90' lang='lat' dir='ltr'>haec</span> <span class='ocrx_word' id='word_1_150' title='bbox 1141 1493 1261 1550; x_wconf 88' lang='lat' dir='ltr'>natura</span> <span class='ocrx_word' id='word_1_151' title='bbox 1282 1485 1324 1550; x_wconf 90' lang='lat' dir='ltr'>ad</span> <span class='ocrx_word' id='word_1_152' title='bbox 1346 1487 1543 1570; x_wconf 83' lang='lat' dir='ltr'>gravitatem</span> <span class='ocrx_word' id='word_1_153' title='bbox 1565 1488 1730 1564; x_wconf 83' lang='lat' dir='ltr'>finxisset,</span> <span class='ocrx_word' id='word_1_154' title='bbox 1753 1509 1849 1553; x_wconf 90' lang='lat' dir='ltr'>nemo</span> <span class='ocrx_word' id='word_1_155' title='bbox 1871 1500 1980 1554; x_wconf 89' lang='lat' dir='ltr'>tamen</span> <span class='ocrx_word' id='word_1_156' title='bbox 2002 1490 2036 1553; x_wconf 92' lang='lat' dir='ltr'>in</span> <span class='ocrx_word' id='word_1_157' title='bbox 2058 1489 2115 1556; x_wconf 91' lang='lat' dir='ltr'>illo</span> 
     </span>
     <span class='ocr_line' id='line_1_13' title="bbox 122 1571 2114 1655; baseline -0.001 -14"><span class='ocrx_word' id='word_1_158' title='bbox 122 1575 217 1640; x_wconf 89' lang='lat' dir='ltr'>nimia</span> <span class='ocrx_word' id='word_1_159' title='bbox 240 1583 326 1655; x_wconf 84' lang='lat' dir='ltr'>esset</span> <span class='ocrx_word' id='word_1_160' title='bbox 347 1575 532 1654; x_wconf 90' lang='lat' dir='ltr'>curiositas,</span> <span class='ocrx_word' id='word_1_161' title='bbox 566 1589 605 1641; x_wconf 91' lang='grc'>11</span> <span class='ocrx_word' id='word_1_162' title='bbox 633 1577 806 1644; x_wconf 90' lang='lat' dir='ltr'>calumniis</span> <span class='ocrx_word' id='word_1_163' title='bbox 828 1577 1089 1643; x_wconf 87' lang='lat' dir='ltr'>adversariorum</span> <span class='ocrx_word' id='word_1_164' title='bbox 1141 1571 1176 1635; x_wconf 90' lang='lat' dir='ltr'>in</span> <span class='ocrx_word' id='word_1_165' title='bbox 1198 1573 1363 1636; x_wconf 91' lang='lat' dir='ltr'>communi</span> <span class='ocrx_word' id='word_1_166' title='bbox 1385 1572 1537 1638; x_wconf 73' lang='lat' dir='ltr'>contiuo</span> <span class='ocrx_word' id='word_1_167' title='bbox 1559 1573 1620 1637; x_wconf 90' lang='lat' dir='ltr'>luit</span> <span class='ocrx_word' id='word_1_168' title='bbox 1638 1574 1785 1638; x_wconf 87' lang='lat' dir='ltr'>suavior:</span> <span class='ocrx_word' id='word_1_169' title='bbox 1809 1573 2114 1640; x_wconf 83' lang='lat' dir='ltr'>interaudishomi-</span> 
     </span>
     <span class='ocr_line' id='line_1_14' title="bbox 121 1657 2115 1745; baseline 0.004 -19"><span class='ocrx_word' id='word_1_170' title='bbox 121 1669 350 1739; x_wconf 86' lang='lat' dir='ltr'>occurreretur,</span> <span class='ocrx_word' id='word_1_171' title='bbox 372 1661 497 1745; x_wconf 84' lang='lat' dir='ltr'>placuit</span> <span class='ocrx_word' id='word_1_172' title='bbox 518 1663 631 1728; x_wconf 90' lang='lat' dir='ltr'>amicis</span> <span class='ocrx_word' id='word_1_173' title='bbox 653 1671 691 1726; x_wconf 92' lang='grc'>11</span> <span class='ocrx_word' id='word_1_174' title='bbox 711 1661 866 1745; x_wconf 82' lang='lat' dir='ltr'>postridie</span> <span class='ocrx_word' id='word_1_175' title='bbox 888 1684 1000 1740; x_wconf 91' lang='lat' dir='ltr'>mane,</span> <span class='ocrx_word' id='word_1_176' title='bbox 1034 1663 1089 1744; x_wconf 90' lang='lat' dir='ltr'>qui</span> <span class='ocrx_word' id='word_1_177' title='bbox 1141 1677 1221 1720; x_wconf 90' lang='lat' dir='ltr'>num</span> <span class='ocrx_word' id='word_1_178' title='bbox 1241 1657 1349 1734; x_wconf 78' lang='lat' dir='ltr'>vitiis.</span> <span class='ocrx_word' id='word_1_179' title='bbox 1379 1678 1462 1739; x_wconf 72' lang='grc'><strong>1111116</strong></span> <span class='ocrx_word' id='word_1_180' title='bbox 1490 1658 1692 1724; x_wconf 70' lang='lat' dir='ltr'>infirmitatis</span> <span class='ocrx_word' id='word_1_181' title='bbox 1715 1667 1825 1738; x_wconf 72' lang='lat' dir='ltr'>erant,</span> <span class='ocrx_word' id='word_1_182' title='bbox 1848 1660 1930 1725; x_wconf 76' lang='lat' dir='ltr'>mire</span> <span class='ocrx_word' id='word_1_183' title='bbox 1951 1660 2013 1724; x_wconf 78' lang='lat' dir='ltr'>fuit</span> <span class='ocrx_word' id='word_1_184' title='bbox 2035 1681 2115 1743; x_wconf 79' lang='lat' dir='ltr'>pru·</span> 
     </span>
     <span class='ocr_line' id='line_1_15' title="bbox 121 1741 2115 1828; baseline 0.004 -23"><span class='ocrx_word' id='word_1_185' title='bbox 121 1744 183 1811; x_wconf 82' lang='lat' dir='ltr'>dias</span> <span class='ocrx_word' id='word_1_186' title='bbox 223 1754 295 1811; x_wconf 84' lang='lat' dir='ltr'>erat</span> <span class='ocrx_word' id='word_1_187' title='bbox 327 1745 524 1824; x_wconf 81' lang='lat' dir='ltr'>dominicus,</span> <span class='ocrx_word' id='word_1_188' title='bbox 569 1749 671 1813; x_wconf 82' lang='lat' dir='ltr'>linteo</span> <span class='ocrx_word' id='word_1_189' title='bbox 711 1749 751 1814; x_wconf 81' lang='lat' dir='ltr'>de</span> <span class='ocrx_word' id='word_1_190' title='bbox 783 1769 873 1813; x_wconf 85' lang='lat' dir='ltr'>mora</span> <span class='ocrx_word' id='word_1_191' title='bbox 903 1747 1089 1814; x_wconf 84' lang='lat' dir='ltr'>involutum</span> <span class='ocrx_word' id='word_1_192' title='bbox 1141 1741 1232 1821; x_wconf 82' lang='lat' dir='ltr'>dens,</span> <span class='ocrx_word' id='word_1_193' title='bbox 1264 1750 1303 1806; x_wconf 90' lang='grc'>111</span> <span class='ocrx_word' id='word_1_194' title='bbox 1324 1762 1428 1825; x_wconf 84' lang='lat' dir='ltr'>neque</span> <span class='ocrx_word' id='word_1_195' title='bbox 1450 1744 1639 1826; x_wconf 84' lang='lat' dir='ltr'>importuna</span> <span class='ocrx_word' id='word_1_196' title='bbox 1660 1744 1885 1828; x_wconf 77' lang='lat' dir='ltr'>obiurgatione</span> <span class='ocrx_word' id='word_1_197' title='bbox 1906 1745 2115 1828; x_wconf 76' lang='lat' dir='ltr'>pudefateret</span> 
     </span>
     <span class='ocr_line' id='line_1_16' title="bbox 120 1828 2115 1916; baseline 0.003 -25"><span class='ocrx_word' id='word_1_198' title='bbox 120 1851 232 1915; x_wconf 86' lang='lat' dir='ltr'>corpus</span> <span class='ocrx_word' id='word_1_199' title='bbox 276 1831 385 1916; x_wconf 82' lang='lat' dir='ltr'>ligneo</span> <span class='ocrx_word' id='word_1_200' title='bbox 429 1832 534 1897; x_wconf 81' lang='lat' dir='ltr'>loculo</span> <span class='ocrx_word' id='word_1_201' title='bbox 573 1832 803 1898; x_wconf 83' lang='lat' dir='ltr'>includeretur,</span> <span class='ocrx_word' id='word_1_202' title='bbox 858 1833 1089 1899; x_wconf 70' lang='lat' dir='ltr'>Pomeridiano</span> <span class='ocrx_word' id='word_1_203' title='bbox 1141 1836 1198 1891; x_wconf 81' lang='lat' dir='ltr'>aut</span> <span class='ocrx_word' id='word_1_204' title='bbox 1229 1829 1495 1910; x_wconf 80' lang='lat' dir='ltr'>perterrefaceret</span> <span class='ocrx_word' id='word_1_205' title='bbox 1523 1828 1702 1895; x_wconf 78' lang='lat' dir='ltr'>imbecillos</span> <span class='ocrx_word' id='word_1_206' title='bbox 1732 1831 1865 1906; x_wconf 79' lang='grc'><strong>1111111,</strong></span> <span class='ocrx_word' id='word_1_207' title='bbox 1899 1851 2005 1912; x_wconf 82' lang='lat' dir='ltr'>neque</span> <span class='ocrx_word' id='word_1_208' title='bbox 2033 1831 2115 1896; x_wconf 79' lang='lat' dir='ltr'>vitia</span> 
     </span>
     <span class='ocr_line' id='line_1_17' title="bbox 120 1913 2115 2002; baseline 0.001 -22"><span class='ocrx_word' id='word_1_209' title='bbox 120 1937 191 1982; x_wconf 84' lang='lat' dir='ltr'>vero</span> <span class='ocrx_word' id='word_1_210' title='bbox 237 1917 396 1997; x_wconf 89' lang='grc'><strong>1111111,</strong></span> <span class='ocrx_word' id='word_1_211' title='bbox 430 1918 639 2000; x_wconf 87' lang='lat' dir='ltr'>sequentibus</span> <span class='ocrx_word' id='word_1_212' title='bbox 678 1919 775 1984; x_wconf 87' lang='lat' dir='ltr'>funus</span> <span class='ocrx_word' id='word_1_213' title='bbox 814 1919 977 2002; x_wconf 90' lang='lat' dir='ltr'>patriciis,</span> <span class='ocrx_word' id='word_1_214' title='bbox 1022 1941 1089 1984; x_wconf 90' lang='lat' dir='ltr'>una</span> <span class='ocrx_word' id='word_1_215' title='bbox 1140 1913 1345 1980; x_wconf 86' lang='lat' dir='ltr'>connivendo</span> <span class='ocrx_word' id='word_1_216' title='bbox 1365 1913 1417 1979; x_wconf 87' lang='lat' dir='ltr'>vel</span> <span class='ocrx_word' id='word_1_217' title='bbox 1436 1913 1599 1980; x_wconf 87' lang='lat' dir='ltr'>adulando</span> <span class='ocrx_word' id='word_1_218' title='bbox 1617 1914 1750 1980; x_wconf 83' lang='lat' dir='ltr'>foveret.</span> <span class='ocrx_word' id='word_1_219' title='bbox 1787 1914 1986 1981; x_wconf 84' lang='lat' dir='ltr'>Adulatione</span> <span class='ocrx_word' id='word_1_220' title='bbox 2004 1924 2115 1982; x_wconf 91' lang='lat' dir='ltr'>autem</span> 
     </span>
     <span class='ocr_line' id='line_1_18' title="bbox 119 1999 2115 2088; baseline -0.002 -22"><span class='ocrx_word' id='word_1_221' title='bbox 119 2021 186 2067; x_wconf 91' lang='lat' dir='ltr'>cum</span> <span class='ocrx_word' id='word_1_222' title='bbox 221 2004 407 2086; x_wconf 85' lang='lat' dir='ltr'>pastoribus</span> <span class='ocrx_word' id='word_1_223' title='bbox 440 2004 741 2088; x_wconf 87' lang='lat' dir='ltr'>professoribusque</span> <span class='ocrx_word' id='word_1_224' title='bbox 770 2005 901 2070; x_wconf 89' lang='lat' dir='ltr'>scholae</span> <span class='ocrx_word' id='word_1_225' title='bbox 936 2005 1088 2070; x_wconf 92' lang='lat' dir='ltr'>omnibus</span> <span class='ocrx_word' id='word_1_226' title='bbox 1140 2006 1174 2062; x_wconf 77' lang='lat' dir='ltr'>et</span> <span class='ocrx_word' id='word_1_227' title='bbox 1194 1999 1427 2077; x_wconf 77' lang='lat' dir='ltr'>simulationis,</span> <span class='ocrx_word' id='word_1_228' title='bbox 1460 2000 1678 2082; x_wconf 88' lang='lat' dir='ltr'>improbitatis</span> <span class='ocrx_word' id='word_1_229' title='bbox 1701 2000 1849 2083; x_wconf 90' lang='lat' dir='ltr'>denique,</span> <span class='ocrx_word' id='word_1_230' title='bbox 1872 2002 2115 2083; x_wconf 87' lang='lat' dir='ltr'>praesertimsi</span> 
     </span>
     <span class='ocr_line' id='line_1_19' title="bbox 119 2083 2115 2174; baseline 0.001 -22"><span class='ocrx_word' id='word_1_231' title='bbox 119 2095 245 2172; x_wconf 87' lang='lat' dir='ltr'>totaque</span> <span class='ocrx_word' id='word_1_232' title='bbox 267 2108 370 2172; x_wconf 89' lang='lat' dir='ltr'>paene</span> <span class='ocrx_word' id='word_1_233' title='bbox 397 2089 529 2154; x_wconf 87' lang='lat' dir='ltr'>civitate</span> <span class='ocrx_word' id='word_1_234' title='bbox 559 2111 624 2155; x_wconf 92' lang='lat' dir='ltr'>non</span> <span class='ocrx_word' id='word_1_235' title='bbox 654 2092 724 2155; x_wconf 89' lang='lat' dir='ltr'>sine</span> <span class='ocrx_word' id='word_1_236' title='bbox 753 2090 906 2156; x_wconf 87' lang='lat' dir='ltr'>uberibus</span> <span class='ocrx_word' id='word_1_237' title='bbox 933 2091 1089 2174; x_wconf 83' lang='lat' dir='ltr'>lacrymis</span> <span class='ocrx_word' id='word_1_238' title='bbox 1140 2083 1180 2148; x_wconf 88' lang='lat' dir='ltr'>de</span> <span class='ocrx_word' id='word_1_239' title='bbox 1201 2084 1361 2167; x_wconf 82' lang='lat' dir='ltr'>religione</span> <span class='ocrx_word' id='word_1_240' title='bbox 1382 2085 1549 2168; x_wconf 82' lang='lat' dir='ltr'>agebatur,</span> <span class='ocrx_word' id='word_1_241' title='bbox 1572 2096 1639 2150; x_wconf 88' lang='lat' dir='ltr'>tem</span> <span class='ocrx_word' id='word_1_242' title='bbox 1662 2087 1724 2151; x_wconf 85' lang='grc'><strong>11111</strong></span> <span class='ocrx_word' id='word_1_243' title='bbox 1745 2087 1849 2152; x_wconf 88' lang='lat' dir='ltr'>hostis</span> <span class='ocrx_word' id='word_1_244' title='bbox 1866 2107 1941 2152; x_wconf 88' lang='lat' dir='ltr'>acer</span> <span class='ocrx_word' id='word_1_245' title='bbox 1962 2088 2115 2153; x_wconf 86' lang='grc'><strong>1111111-</strong></span> 
     </span>
     <span class='ocr_line' id='line_1_20' title="bbox 118 2171 2114 2258; baseline -0.001 -18"><span class='ocrx_word' id='word_1_246' title='bbox 118 2183 330 2257; x_wconf 87' lang='lat' dir='ltr'>prosequente</span> <span class='ocrx_word' id='word_1_247' title='bbox 369 2175 475 2240; x_wconf 90' lang='lat' dir='ltr'>elatus</span> <span class='ocrx_word' id='word_1_248' title='bbox 514 2185 585 2252; x_wconf 89' lang='lat' dir='ltr'>est,</span> <span class='ocrx_word' id='word_1_249' title='bbox 625 2177 852 2258; x_wconf 90' lang='lat' dir='ltr'>communique</span> <span class='ocrx_word' id='word_1_250' title='bbox 891 2176 1087 2253; x_wconf 87' lang='lat' dir='ltr'>coemiterio,</span> <span class='ocrx_word' id='word_1_251' title='bbox 1140 2189 1248 2248; x_wconf 89' lang='lat' dir='ltr'>mens,</span> <span class='ocrx_word' id='word_1_252' title='bbox 1294 2191 1393 2252; x_wconf 88' lang='lat' dir='ltr'>quam</span> <span class='ocrx_word' id='word_1_253' title='bbox 1437 2172 1587 2236; x_wconf 88' lang='lat' dir='ltr'>veritatis</span> <span class='ocrx_word' id='word_1_254' title='bbox 1630 2171 1849 2254; x_wconf 86' lang='lat' dir='ltr'>simplicitatis</span> <span class='ocrx_word' id='word_1_255' title='bbox 1889 2180 1923 2236; x_wconf 93' lang='lat' dir='ltr'>et</span> <span class='ocrx_word' id='word_1_256' title='bbox 1963 2172 2114 2239; x_wconf 88' lang='lat' dir='ltr'>candoris</span> 
     </span>
     <span class='ocr_line' id='line_1_21' title="bbox 118 2256 2114 2345; baseline -0.001 -19"><span class='ocrx_word' id='word_1_257' title='bbox 118 2259 197 2341; x_wconf 90' lang='lat' dir='ltr'>quod</span> <span class='ocrx_word' id='word_1_258' title='bbox 220 2259 364 2324; x_wconf 89' lang='lat' dir='ltr'>Planum</span> <span class='ocrx_word' id='word_1_259' title='bbox 386 2261 553 2325; x_wconf 87' lang='lat' dir='ltr'>Palatium</span> <span class='ocrx_word' id='word_1_260' title='bbox 588 2271 721 2339; x_wconf 86' lang='lat' dir='ltr'>vocant,</span> <span class='ocrx_word' id='word_1_261' title='bbox 755 2263 846 2326; x_wconf 89' lang='lat' dir='ltr'>nulla</span> <span class='ocrx_word' id='word_1_262' title='bbox 867 2263 997 2345; x_wconf 90' lang='lat' dir='ltr'>penitus</span> <span class='ocrx_word' id='word_1_263' title='bbox 1030 2281 1086 2325; x_wconf 83' lang='lat' dir='ltr'>ex·</span> <span class='ocrx_word' id='word_1_264' title='bbox 1140 2275 1264 2320; x_wconf 90' lang='lat' dir='ltr'>amans.</span> <span class='ocrx_word' id='word_1_265' title='bbox 1308 2256 1390 2320; x_wconf 82' lang='lat' dir='ltr'>uuit</span> <span class='ocrx_word' id='word_1_266' title='bbox 1410 2256 1543 2320; x_wconf 91' lang='lat' dir='ltr'>omnino</span> <span class='ocrx_word' id='word_1_267' title='bbox 1565 2267 1703 2322; x_wconf 89' lang='lat' dir='ltr'>naturae</span> <span class='ocrx_word' id='word_1_268' title='bbox 1731 2259 1833 2340; x_wconf 87' lang='lat' dir='ltr'>ipsius</span> <span class='ocrx_word' id='word_1_269' title='bbox 1855 2265 2114 2340; x_wconf 80' lang='lat' dir='ltr'>temperamento</span> 
     </span>
     <span class='ocr_line' id='line_1_22' title="bbox 118 2337 2115 2432; baseline 0.004 -29"><span class='ocrx_word' id='word_1_270' title='bbox 118 2344 330 2410; x_wconf 79' lang='lat' dir='ltr'>traordinaria,</span> <span class='ocrx_word' id='word_1_271' title='bbox 351 2365 470 2428; x_wconf 80' lang='lat' dir='ltr'>pompa</span> <span class='ocrx_word' id='word_1_272' title='bbox 491 2347 645 2430; x_wconf 79' lang='lat' dir='ltr'>nulloque</span> <span class='ocrx_word' id='word_1_273' title='bbox 668 2347 777 2411; x_wconf 82' lang='lat' dir='ltr'>addito</span> <span class='ocrx_word' id='word_1_274' title='bbox 800 2347 894 2429; x_wconf 77' lang='lat' dir='ltr'>cippo</span> <span class='ocrx_word' id='word_1_275' title='bbox 917 2347 978 2432; x_wconf 76' lang='lat' dir='ltr'>(sia</span> <span class='ocrx_word' id='word_1_276' title='bbox 1000 2347 1088 2412; x_wconf 76' lang='lat' dir='ltr'>onim</span> <span class='ocrx_word' id='word_1_277' title='bbox 1141 2337 1289 2422; x_wconf 68' lang='grc' dir='ltr'><strong>ὄξόχολος,</strong></span> <span class='ocrx_word' id='word_1_278' title='bbox 1306 2340 1392 2423; x_wconf 82' lang='lat' dir='ltr'>quod</span> <span class='ocrx_word' id='word_1_279' title='bbox 1405 2341 1521 2406; x_wconf 80' lang='grc'><strong>11111111]</strong></span> <span class='ocrx_word' id='word_1_280' title='bbox 1546 2343 1642 2406; x_wconf 73' lang='lat' dir='ltr'>etlam</span> <span class='ocrx_word' id='word_1_281' title='bbox 1662 2352 1800 2407; x_wconf 75' lang='lat' dir='ltr'>auxerat</span> <span class='ocrx_word' id='word_1_282' title='bbox 1822 2341 2115 2410; x_wconf 75' lang='lat' dir='ltr'>laboriosissimum</span> 
     </span>
     <span class='ocr_line' id='line_1_23' title="bbox 117 2425 2116 2516; baseline -0.001 -20"><span class='ocrx_word' id='word_1_283' title='bbox 117 2431 299 2515; x_wconf 87' lang='lat' dir='ltr'>mandarat)</span> <span class='ocrx_word' id='word_1_284' title='bbox 329 2429 494 2510; x_wconf 90' lang='lat' dir='ltr'>conditus,</span> <span class='ocrx_word' id='word_1_285' title='bbox 533 2433 587 2496; x_wconf 91' lang='lat' dir='ltr'>oui</span> <span class='ocrx_word' id='word_1_286' title='bbox 614 2439 803 2516; x_wconf 89' lang='lat' dir='ltr'>propterea,</span> <span class='ocrx_word' id='word_1_287' title='bbox 838 2432 889 2497; x_wconf 91' lang='lat' dir='ltr'>his</span> <span class='ocrx_word' id='word_1_288' title='bbox 919 2431 1087 2499; x_wconf 80' lang='lat' dir='ltr'>versiculis</span> <span class='ocrx_word' id='word_1_289' title='bbox 1139 2425 1221 2490; x_wconf 93' lang='lat' dir='ltr'>illud</span> <span class='ocrx_word' id='word_1_290' title='bbox 1253 2427 1342 2490; x_wconf 89' lang='lat' dir='ltr'>vitae</span> <span class='ocrx_word' id='word_1_291' title='bbox 1374 2447 1496 2510; x_wconf 84' lang='lat' dir='ltr'>genus:</span> <span class='ocrx_word' id='word_1_292' title='bbox 1530 2428 1599 2492; x_wconf 89' lang='lat' dir='ltr'>irae</span> <span class='ocrx_word' id='word_1_293' title='bbox 1632 2437 1742 2492; x_wconf 90' lang='lat' dir='ltr'>tamen</span> <span class='ocrx_word' id='word_1_294' title='bbox 1775 2429 1822 2492; x_wconf 91' lang='lat' dir='ltr'>sic</span> <span class='ocrx_word' id='word_1_295' title='bbox 1855 2449 1929 2493; x_wconf 92' lang='lat' dir='ltr'>eum</span> <span class='ocrx_word' id='word_1_296' title='bbox 1959 2429 2116 2495; x_wconf 89' lang='lat' dir='ltr'>docuerat</span> 
     </span>
     <span class='ocr_line' id='line_1_24' title="bbox 117 2511 2116 2600; baseline -0.001 -18"><span class='ocrx_word' id='word_1_297' title='bbox 117 2518 292 2600; x_wconf 84' lang='lat' dir='ltr'>parentari.</span> <span class='ocrx_word' id='word_1_298' title='bbox 1139 2511 1275 2593; x_wconf 89' lang='lat' dir='ltr'>spiritus</span> <span class='ocrx_word' id='word_1_299' title='bbox 1303 2512 1439 2577; x_wconf 91' lang='lat' dir='ltr'>Domini</span> <span class='ocrx_word' id='word_1_300' title='bbox 1465 2511 1644 2592; x_wconf 88' lang='lat' dir='ltr'>moderari,</span> <span class='ocrx_word' id='word_1_301' title='bbox 1680 2525 1719 2578; x_wconf 91' lang='lat' dir='ltr'>ut</span> <span class='ocrx_word' id='word_1_302' title='bbox 1746 2536 1788 2579; x_wconf 91' lang='lat' dir='ltr'>ne</span> <span class='ocrx_word' id='word_1_303' title='bbox 1816 2513 1952 2580; x_wconf 84' lang='lat' dir='ltr'>verbum</span> <span class='ocrx_word' id='word_1_304' title='bbox 1983 2514 2116 2598; x_wconf 91' lang='lat' dir='ltr'>quidem</span> 
     </span>
    </p>
   </div>
   <div class='ocr_carea' id='block_1_3' title="bbox 113 2598 2170 5256">
    <p class='ocr_par' dir='ltr' id='par_1_3' title="bbox 209 2598 2170 3106">
     <span class='ocr_line' id='line_1_25' title="bbox 247 2598 2114 2690; baseline -0.001 -25"><span class='ocrx_word' id='word_1_305' title='bbox 247 2635 351 2688; x_wconf 63' lang='lat' dir='ltr'>Rom„</span> <span class='ocrx_word' id='word_1_306' title='bbox 368 2637 473 2689; x_wconf 83' lang='lat' dir='ltr'>ruentis</span> <span class='ocrx_word' id='word_1_307' title='bbox 491 2641 583 2688; x_wconf 56' lang='lat' dir='ltr'>„mr</span> <span class='ocrx_word' id='word_1_308' title='bbox 600 2635 647 2690; x_wconf 78' lang='lat' dir='ltr'>ille</span> <span class='ocrx_word' id='word_1_309' title='bbox 665 2637 798 2690; x_wconf 83' lang='lat' dir='ltr'>maximus</span> <span class='ocrx_word' id='word_1_310' title='bbox 1140 2599 1183 2662; x_wconf 90' lang='lat' dir='ltr'>sit</span> <span class='ocrx_word' id='word_1_311' title='bbox 1206 2617 1247 2661; x_wconf 88' lang='lat' dir='ltr'>ex</span> <span class='ocrx_word' id='word_1_312' title='bbox 1269 2617 1307 2662; x_wconf 91' lang='lat' dir='ltr'>eo</span> <span class='ocrx_word' id='word_1_313' title='bbox 1329 2598 1477 2662; x_wconf 91' lang='lat' dir='ltr'>auditum</span> <span class='ocrx_word' id='word_1_314' title='bbox 1507 2599 1591 2680; x_wconf 93' lang='lat' dir='ltr'>quod</span> <span class='ocrx_word' id='word_1_315' title='bbox 1614 2599 1686 2662; x_wconf 87' lang='lat' dir='ltr'>viro</span> <span class='ocrx_word' id='word_1_316' title='bbox 1718 2601 1801 2664; x_wconf 91' lang='lat' dir='ltr'>bono</span> <span class='ocrx_word' id='word_1_317' title='bbox 1824 2599 1997 2682; x_wconf 85' lang='lat' dir='ltr'>indignum</span> <span class='ocrx_word' id='word_1_318' title='bbox 2019 2608 2114 2680; x_wconf 88' lang='lat' dir='ltr'>esset,</span> 
     </span>
     <span class='ocr_line' id='line_1_26' title="bbox 249 2677 2116 2773; baseline -0.004 -15"><span class='ocrx_word' id='word_1_319' title='bbox 249 2705 334 2768; x_wconf 85' lang='lat' dir='ltr'>Quem</span> <span class='ocrx_word' id='word_1_320' title='bbox 352 2711 489 2757; x_wconf 85' lang='lat' dir='ltr'>mortuum</span> <span class='ocrx_word' id='word_1_321' title='bbox 507 2705 602 2772; x_wconf 73' lang='lat' dir='ltr'>lugent</span> <span class='ocrx_word' id='word_1_322' title='bbox 620 2705 693 2773; x_wconf 81' lang='lat' dir='ltr'>toni,</span> <span class='ocrx_word' id='word_1_323' title='bbox 712 2677 872 2758; x_wconf 68' lang='lat' dir='ltr'>tonsiones</span> <span class='ocrx_word' id='word_1_324' title='bbox 889 2705 960 2770; x_wconf 83' lang='lat' dir='ltr'>meli,</span> <span class='ocrx_word' id='word_1_325' title='bbox 1139 2681 1258 2748; x_wconf 92' lang='lat' dir='ltr'>nedum</span> <span class='ocrx_word' id='word_1_326' title='bbox 1288 2691 1326 2747; x_wconf 90' lang='grc'>11</span> <span class='ocrx_word' id='word_1_327' title='bbox 1354 2683 1485 2766; x_wconf 88' lang='lat' dir='ltr'>longius</span> <span class='ocrx_word' id='word_1_328' title='bbox 1512 2684 1778 2767; x_wconf 78' lang='lat' dir='ltr'>progrederetur,</span> <span class='ocrx_word' id='word_1_329' title='bbox 1814 2705 1873 2748; x_wconf 91' lang='lat' dir='ltr'>nec</span> <span class='ocrx_word' id='word_1_330' title='bbox 1901 2693 2023 2750; x_wconf 89' lang='lat' dir='ltr'>temere</span> <span class='ocrx_word' id='word_1_331' title='bbox 2050 2686 2116 2751; x_wconf 89' lang='lat' dir='ltr'>nisi</span> 
     </span>
     <span class='ocr_line' id='line_1_27' title="bbox 213 2769 2170 2856; baseline 0.006 -30"><span class='ocrx_word' id='word_1_332' title='bbox 213 2773 225 2826; x_wconf 91' lang='lat'>1</span> <span class='ocrx_word' id='word_1_333' title='bbox 246 2789 276 2825; x_wconf 82' lang='lat' dir='ltr'>sa</span> <span class='ocrx_word' id='word_1_334' title='bbox 293 2790 309 2824; x_wconf 82' lang='lat' dir='ltr'>a</span> <span class='ocrx_word' id='word_1_335' title='bbox 328 2789 382 2841; x_wconf 89' lang='lat' dir='ltr'>quo</span> <span class='ocrx_word' id='word_1_336' title='bbox 400 2773 494 2854; x_wconf 36' lang='lat' dir='ltr'>potnit·</span> <span class='ocrx_word' id='word_1_337' title='bbox 507 2775 636 2827; x_wconf 84' lang='lat' dir='ltr'>virtutem</span> <span class='ocrx_word' id='word_1_338' title='bbox 654 2773 876 2854; x_wconf 73' lang='lat' dir='ltr'>discerevirtns,</span> <span class='ocrx_word' id='word_1_339' title='bbox 1138 2776 1210 2831; x_wconf 91' lang='lat' dir='ltr'>tum</span> <span class='ocrx_word' id='word_1_340' title='bbox 1232 2779 1508 2846; x_wconf 88' lang='lat' dir='ltr'>commoveretur,</span> <span class='ocrx_word' id='word_1_341' title='bbox 1542 2790 1641 2850; x_wconf 91' lang='lat' dir='ltr'>quum</span> <span class='ocrx_word' id='word_1_342' title='bbox 1666 2769 1705 2833; x_wconf 91' lang='lat' dir='ltr'>de</span> <span class='ocrx_word' id='word_1_343' title='bbox 1727 2769 1895 2854; x_wconf 82' lang='lat' dir='ltr'>religionis</span> <span class='ocrx_word' id='word_1_344' title='bbox 1917 2790 2016 2836; x_wconf 89' lang='lat' dir='ltr'>causa</span> <span class='ocrx_word' id='word_1_345' title='bbox 2037 2791 2114 2856; x_wconf 87' lang='lat' dir='ltr'>age-</span> <span class='ocrx_word' id='word_1_346' title='bbox 2168 2823 2170 2826; x_wconf 86' lang='grc'><strong>-</strong></span> 
     </span>
     <span class='ocr_line' id='line_1_28' title="bbox 235 2841 2115 2978; baseline 0.001 -57"><span class='ocrx_word' id='word_1_347' title='bbox 235 2858 267 2894; x_wconf 72' lang='lat'>”¹</span> <span class='ocrx_word' id='word_1_348' title='bbox 281 2841 636 2978; x_wconf 46' lang='lat' dir='ltr'>aefgnffliss‘t&#39;egffnssffglgg</span> <span class='ocrx_word' id='word_1_349' title='bbox 652 2860 680 2895; x_wconf 84' lang='lat' dir='ltr'>m</span> <span class='ocrx_word' id='word_1_350' title='bbox 698 2849 800 2911; x_wconf 80' lang='lat' dir='ltr'>oesprte</span> <span class='ocrx_word' id='word_1_351' title='bbox 819 2843 924 2896; x_wconf 72' lang='lat'>⁰¹⁸⁰⁸¹¹⁸</span> <span class='ocrx_word' id='word_1_352' title='bbox 1138 2851 1250 2952; x_wconf 79' lang='lat' dir='ltr'>batur,</span> <span class='ocrx_word' id='word_1_353' title='bbox 1280 2862 1337 2916; x_wconf 91' lang='lat' dir='ltr'>aut</span> <span class='ocrx_word' id='word_1_354' title='bbox 1358 2851 1515 2920; x_wconf 85' lang='lat' dir='ltr'>adversus</span> <span class='ocrx_word' id='word_1_355' title='bbox 1537 2855 1735 2937; x_wconf 86' lang='lat' dir='ltr'>praefractos</span> <span class='ocrx_word' id='word_1_356' title='bbox 1758 2854 1913 2942; x_wconf 88' lang='lat' dir='ltr'>homines</span> <span class='ocrx_word' id='word_1_357' title='bbox 1929 2857 1990 2939; x_wconf 93' lang='lat' dir='ltr'>ipsi</span> <span class='ocrx_word' id='word_1_358' title='bbox 2012 2877 2115 2940; x_wconf 82' lang='lat' dir='ltr'>nego·</span> 
     </span>
     <span class='ocr_line' id='line_1_29' title="bbox 209 2945 2114 3106; baseline -0.001 -13"><span class='ocrx_word' id='word_1_359' title='bbox 209 3009 350 3065; x_wconf 76' lang='lat' dir='ltr'>calvinum</span> <span class='ocrx_word' id='word_1_360' title='bbox 368 3012 479 3065; x_wconf 44' lang='lat' dir='ltr'>“¹⁸5⁶ss</span> <span class='ocrx_word' id='word_1_361' title='bbox 497 2949 626 3092; x_wconf 56' lang='lat' dir='ltr'>“immi“</span> <span class='ocrx_word' id='word_1_362' title='bbox 643 3012 777 3092; x_wconf 63' lang='lat' dir='ltr'>¹¹l⁰l³⁰lti⁸</span> <span class='ocrx_word' id='word_1_363' title='bbox 795 3011 895 3092; x_wconf 59' lang='lat' dir='ltr'>&#39;ilum‘</span> <span class='ocrx_word' id='word_1_364' title='bbox 1139 2945 1483 3106; x_wconf 55' lang='lat' dir='ltr'>tlum[librtattantasque</span> <span class='ocrx_word' id='word_1_365' title='bbox 1501 3024 1641 3090; x_wconf 87' lang='lat' dir='ltr'>virtutes</span> <span class='ocrx_word' id='word_1_366' title='bbox 1663 3024 1751 3090; x_wconf 91' lang='lat' dir='ltr'>domi</span> <span class='ocrx_word' id='word_1_367' title='bbox 1772 3034 1806 3090; x_wconf 91' lang='lat' dir='ltr'>et</span> <span class='ocrx_word' id='word_1_368' title='bbox 1827 3027 1906 3092; x_wconf 85' lang='lat' dir='ltr'>loris</span> <span class='ocrx_word' id='word_1_369' title='bbox 1937 3035 2006 3091; x_wconf 89' lang='lat' dir='ltr'>tam</span> <span class='ocrx_word' id='word_1_370' title='bbox 2027 3025 2114 3091; x_wconf 91' lang='lat' dir='ltr'>mul·</span> 
     </span>
    </p>

    <p class='ocr_par' dir='ltr' id='par_1_4' title="bbox 246 3079 2116 3279">
     <span class='ocr_line' id='line_1_30' title="bbox 246 3079 2116 3196; baseline 0 -20"><span class='ocrx_word' id='word_1_371' title='bbox 246 3079 306 3134; x_wconf 58' lang='lat'>³⁰⁰</span> <span class='ocrx_word' id='word_1_372' title='bbox 323 3081 429 3134; x_wconf 79' lang='lat' dir='ltr'>tumme</span> <span class='ocrx_word' id='word_1_373' title='bbox 446 3081 570 3194; x_wconf 68' lang='lat' dir='ltr'>manuus</span> <span class='ocrx_word' id='word_1_374' title='bbox 588 3080 711 3135; x_wconf 68' lang='lat' dir='ltr'>condrust</span> <span class='ocrx_word' id='word_1_375' title='bbox 728 3097 788 3194; x_wconf 42' lang='lat'>¹¹³⁸?</span> <span class='ocrx_word' id='word_1_376' title='bbox 804 3097 867 3133; x_wconf 74' lang='lat'>⁸⁰¹⁸·</span> <span class='ocrx_word' id='word_1_377' title='bbox 1138 3115 1189 3173; x_wconf 91' lang='lat' dir='ltr'>tos</span> <span class='ocrx_word' id='word_1_378' title='bbox 1222 3108 1427 3175; x_wconf 85' lang='lat' dir='ltr'>adversarios</span> <span class='ocrx_word' id='word_1_379' title='bbox 1457 3108 1607 3176; x_wconf 90' lang='lat' dir='ltr'>habuisse</span> <span class='ocrx_word' id='word_1_380' title='bbox 1636 3131 1733 3176; x_wconf 91' lang='lat' dir='ltr'>nemo</span> <span class='ocrx_word' id='word_1_381' title='bbox 1760 3111 1949 3191; x_wconf 89' lang='lat' dir='ltr'>mirabitur,</span> <span class='ocrx_word' id='word_1_382' title='bbox 1983 3114 2037 3196; x_wconf 92' lang='lat' dir='ltr'>qui</span> <span class='ocrx_word' id='word_1_383' title='bbox 2059 3111 2116 3178; x_wconf 84' lang='lat' dir='ltr'>vel</span> 
     </span>
     <span class='ocr_line' id='line_1_31' title="bbox 247 3182 2113 3279; baseline -0.001 -14"><span class='ocrx_word' id='word_1_384' title='bbox 247 3182 443 3264; x_wconf 60' lang='lat' dir='ltr'>⁰i⁰.¹&#39;.⁰²‘.¹¹¹¹¹</span> <span class='ocrx_word' id='word_1_385' title='bbox 461 3189 591 3252; x_wconf 63' lang='lat' dir='ltr'>⁰⁰⁸P¹i⁰¹¹¹</span> <span class='ocrx_word' id='word_1_386' title='bbox 609 3187 687 3262; x_wconf 77' lang='lat' dir='ltr'>tanto</span> <span class='ocrx_word' id='word_1_387' title='bbox 705 3183 826 3250; x_wconf 71' lang='lat' dir='ltr'>hospite!</span> <span class='ocrx_word' id='word_1_388' title='bbox 1139 3215 1252 3259; x_wconf 90' lang='lat' dir='ltr'>eorum</span> <span class='ocrx_word' id='word_1_389' title='bbox 1283 3193 1372 3260; x_wconf 90' lang='lat' dir='ltr'>inter</span> <span class='ocrx_word' id='word_1_390' title='bbox 1404 3195 1558 3278; x_wconf 91' lang='lat' dir='ltr'>profanas</span> <span class='ocrx_word' id='word_1_391' title='bbox 1590 3206 1704 3279; x_wconf 85' lang='lat' dir='ltr'>gentes</span> <span class='ocrx_word' id='word_1_392' title='bbox 1736 3197 1909 3262; x_wconf 92' lang='lat' dir='ltr'>hominum</span> <span class='ocrx_word' id='word_1_393' title='bbox 1942 3197 2113 3264; x_wconf 86' lang='lat' dir='ltr'>historiam</span> 
     </span>
    </p>

    <p class='ocr_par' dir='ltr' id='par_1_5' title="bbox 245 3250 2115 3366">
     <span class='ocr_line' id='line_1_32' title="bbox 245 3250 2115 3366; baseline 0 -18"><span class='ocrx_word' id='word_1_394' title='bbox 245 3251 268 3306; x_wconf 84' lang='lat'>⁰</span> <span class='ocrx_word' id='word_1_395' title='bbox 285 3267 329 3304; x_wconf 76' lang='lat'>⁰¹¹¹</span> <span class='ocrx_word' id='word_1_396' title='bbox 346 3251 470 3304; x_wconf 67' lang='lat' dir='ltr'>mordere</span> <span class='ocrx_word' id='word_1_397' title='bbox 488 3257 585 3304; x_wconf 79' lang='lat' dir='ltr'>cuncte</span> <span class='ocrx_word' id='word_1_398' title='bbox 602 3257 709 3320; x_wconf 59' lang='lat'>¹³⁰⁸⁸¹¹¹²</span> <span class='ocrx_word' id='word_1_399' title='bbox 726 3250 874 3304; x_wconf 77' lang='lat' dir='ltr'>marmora!</span> <span class='ocrx_word' id='word_1_400' title='bbox 1138 3279 1264 3364; x_wconf 79' lang='lat' dir='ltr'>legerit,</span> <span class='ocrx_word' id='word_1_401' title='bbox 1287 3281 1342 3364; x_wconf 91' lang='lat' dir='ltr'>qui</span> <span class='ocrx_word' id='word_1_402' title='bbox 1364 3301 1445 3363; x_wconf 91' lang='lat' dir='ltr'>prae</span> <span class='ocrx_word' id='word_1_403' title='bbox 1467 3281 1539 3346; x_wconf 89' lang='lat' dir='ltr'>aliis</span> <span class='ocrx_word' id='word_1_404' title='bbox 1568 3281 1710 3364; x_wconf 89' lang='lat' dir='ltr'>aliquam</span> <span class='ocrx_word' id='word_1_405' title='bbox 1734 3282 1869 3347; x_wconf 85' lang='lat' dir='ltr'>virtutis</span> <span class='ocrx_word' id='word_1_406' title='bbox 1896 3283 2037 3366; x_wconf 88' lang='lat' dir='ltr'>speciem</span> <span class='ocrx_word' id='word_1_407' title='bbox 2058 3283 2115 3348; x_wconf 92' lang='lat' dir='ltr'>ad-</span> 
     </span>
    </p>

    <p class='ocr_par' dir='ltr' id='par_1_6' title="bbox 113 3365 2115 5256">
     <span class='ocr_line' id='line_1_33' title="bbox 193 3365 2115 3454; baseline 0 -20"><span class='ocrx_word' id='word_1_408' title='bbox 193 3371 291 3436; x_wconf 76' lang='lat' dir='ltr'>vixit</span> <span class='ocrx_word' id='word_1_409' title='bbox 313 3391 418 3436; x_wconf 93' lang='lat' dir='ltr'>annos</span> <span class='ocrx_word' id='word_1_410' title='bbox 440 3371 679 3454; x_wconf 81' lang='lat' dir='ltr'>quinquaginta</span> <span class='ocrx_word' id='word_1_411' title='bbox 701 3377 855 3453; x_wconf 90' lang='lat' dir='ltr'>quatuor,</span> <span class='ocrx_word' id='word_1_412' title='bbox 878 3389 1007 3434; x_wconf 89' lang='lat' dir='ltr'>menses</span> <span class='ocrx_word' id='word_1_413' title='bbox 1031 3369 1086 3434; x_wconf 92' lang='lat' dir='ltr'>de·</span> <span class='ocrx_word' id='word_1_414' title='bbox 1138 3365 1297 3444; x_wconf 89' lang='lat' dir='ltr'>amarint,</span> <span class='ocrx_word' id='word_1_415' title='bbox 1327 3374 1454 3430; x_wconf 90' lang='lat' dir='ltr'>tantum</span> <span class='ocrx_word' id='word_1_416' title='bbox 1482 3365 1573 3432; x_wconf 90' lang='lat' dir='ltr'>abest</span> <span class='ocrx_word' id='word_1_417' title='bbox 1605 3377 1642 3432; x_wconf 93' lang='lat' dir='ltr'>ut</span> <span class='ocrx_word' id='word_1_418' title='bbox 1674 3367 1797 3432; x_wconf 89' lang='lat' dir='ltr'>mirum</span> <span class='ocrx_word' id='word_1_419' title='bbox 1830 3367 1982 3451; x_wconf 89' lang='lat' dir='ltr'>cuiquam</span> <span class='ocrx_word' id='word_1_420' title='bbox 2008 3368 2115 3434; x_wconf 86' lang='lat' dir='ltr'>videri</span> 
     </span>
     <span class='ocr_line' id='line_1_34' title="bbox 114 3451 2113 3540; baseline -0.002 -18"><span class='ocrx_word' id='word_1_421' title='bbox 114 3475 188 3534; x_wconf 84' lang='lat' dir='ltr'>aem,</span> <span class='ocrx_word' id='word_1_422' title='bbox 211 3456 281 3522; x_wconf 90' lang='lat' dir='ltr'>dies</span> <span class='ocrx_word' id='word_1_423' title='bbox 302 3457 413 3522; x_wconf 91' lang='lat' dir='ltr'>decem</span> <span class='ocrx_word' id='word_1_424' title='bbox 436 3467 469 3521; x_wconf 91' lang='lat' dir='ltr'>et</span> <span class='ocrx_word' id='word_1_425' title='bbox 491 3467 634 3540; x_wconf 90' lang='lat' dir='ltr'>septem,</span> <span class='ocrx_word' id='word_1_426' title='bbox 665 3457 758 3522; x_wconf 91' lang='lat' dir='ltr'>cuius</span> <span class='ocrx_word' id='word_1_427' title='bbox 786 3454 885 3538; x_wconf 89' lang='lat' dir='ltr'>spatii</span> <span class='ocrx_word' id='word_1_428' title='bbox 914 3453 1086 3520; x_wconf 89' lang='lat' dir='ltr'>dimidium</span> <span class='ocrx_word' id='word_1_429' title='bbox 1139 3451 1253 3516; x_wconf 90' lang='lat' dir='ltr'>debeat</span> <span class='ocrx_word' id='word_1_430' title='bbox 1274 3451 1487 3517; x_wconf 85' lang='lat' dir='ltr'>fortissimum</span> <span class='ocrx_word' id='word_1_431' title='bbox 1510 3461 1581 3517; x_wconf 93' lang='lat' dir='ltr'>tum</span> <span class='ocrx_word' id='word_1_432' title='bbox 1604 3472 1703 3518; x_wconf 89' lang='lat' dir='ltr'>sanae</span> <span class='ocrx_word' id='word_1_433' title='bbox 1724 3453 1890 3520; x_wconf 88' lang='lat' dir='ltr'>doctrinae</span> <span class='ocrx_word' id='word_1_434' title='bbox 1901 3453 2113 3535; x_wconf 87' lang='lat' dir='ltr'>defensorem,</span> 
     </span>
     <span class='ocr_line' id='line_1_35' title="bbox 113 3538 2114 3626; baseline -0 -20"><span class='ocrx_word' id='word_1_435' title='bbox 113 3543 144 3606; x_wconf 92' lang='lat' dir='ltr'>in</span> <span class='ocrx_word' id='word_1_436' title='bbox 165 3551 277 3609; x_wconf 89' lang='lat' dir='ltr'>saneto</span> <span class='ocrx_word' id='word_1_437' title='bbox 299 3543 464 3626; x_wconf 83' lang='lat' dir='ltr'>evangelii</span> <span class='ocrx_word' id='word_1_438' title='bbox 487 3543 670 3607; x_wconf 89' lang='lat' dir='ltr'>ministerio</span> <span class='ocrx_word' id='word_1_439' title='bbox 693 3543 905 3624; x_wconf 90' lang='lat' dir='ltr'>consumpsit.</span> <span class='ocrx_word' id='word_1_440' title='bbox 947 3539 1088 3606; x_wconf 78' lang='lat' dir='ltr'>Statura</span> <span class='ocrx_word' id='word_1_441' title='bbox 1137 3549 1208 3601; x_wconf 88' lang='lat' dir='ltr'>tum</span> <span class='ocrx_word' id='word_1_442' title='bbox 1226 3556 1327 3620; x_wconf 91' lang='lat' dir='ltr'>purae</span> <span class='ocrx_word' id='word_1_443' title='bbox 1345 3538 1433 3600; x_wconf 85' lang='lat' dir='ltr'>vitae</span> <span class='ocrx_word' id='word_1_444' title='bbox 1451 3547 1643 3604; x_wconf 88' lang='lat' dir='ltr'>sectatorem</span> <span class='ocrx_word' id='word_1_445' title='bbox 1661 3538 1748 3604; x_wconf 91' lang='lat' dir='ltr'>domi</span> <span class='ocrx_word' id='word_1_446' title='bbox 1766 3547 1801 3604; x_wconf 91' lang='lat' dir='ltr'>et</span> <span class='ocrx_word' id='word_1_447' title='bbox 1818 3541 1896 3605; x_wconf 84' lang='lat' dir='ltr'>loris</span> <span class='ocrx_word' id='word_1_448' title='bbox 1914 3548 1981 3604; x_wconf 92' lang='lat' dir='ltr'>tam</span> <span class='ocrx_word' id='word_1_449' title='bbox 1994 3540 2114 3606; x_wconf 89' lang='lat' dir='ltr'>aeriter</span> 
     </span>
     <span class='ocr_line' id='line_1_36' title="bbox 115 3621 2114 3710; baseline -0.001 -19"><span class='ocrx_word' id='word_1_450' title='bbox 115 3627 172 3692; x_wconf 86' lang='lat' dir='ltr'>fuit</span> <span class='ocrx_word' id='word_1_451' title='bbox 192 3628 358 3704; x_wconf 90' lang='lat' dir='ltr'>mediocri,</span> <span class='ocrx_word' id='word_1_452' title='bbox 382 3629 488 3694; x_wconf 90' lang='lat' dir='ltr'>colore</span> <span class='ocrx_word' id='word_1_453' title='bbox 511 3627 694 3710; x_wconf 88' lang='lat' dir='ltr'>subpallido</span> <span class='ocrx_word' id='word_1_454' title='bbox 716 3636 749 3692; x_wconf 90' lang='lat' dir='ltr'>et</span> <span class='ocrx_word' id='word_1_455' title='bbox 771 3628 963 3710; x_wconf 85' lang='lat' dir='ltr'>nigricante,</span> <span class='ocrx_word' id='word_1_456' title='bbox 985 3627 1087 3692; x_wconf 88' lang='lat' dir='ltr'>oculis</span> <span class='ocrx_word' id='word_1_457' title='bbox 1137 3632 1363 3708; x_wconf 84' lang='lat' dir='ltr'>oppugnatum</span> <span class='ocrx_word' id='word_1_458' title='bbox 1402 3622 1512 3688; x_wconf 81' lang='lat' dir='ltr'>luisse.</span> <span class='ocrx_word' id='word_1_459' title='bbox 1565 3621 1632 3690; x_wconf 88' lang='lat' dir='ltr'>Sed</span> <span class='ocrx_word' id='word_1_460' title='bbox 1663 3623 1724 3690; x_wconf 92' lang='lat' dir='ltr'>hoa</span> <span class='ocrx_word' id='word_1_461' title='bbox 1755 3625 1864 3708; x_wconf 90' lang='lat' dir='ltr'>potius</span> <span class='ocrx_word' id='word_1_462' title='bbox 1896 3624 2114 3692; x_wconf 87' lang='lat' dir='ltr'>admiratione</span> 
     </span>
     <span class='ocr_line' id='line_1_37' title="bbox 118 3708 2113 3798; baseline -0.001 -20"><span class='ocrx_word' id='word_1_463' title='bbox 118 3711 156 3778; x_wconf 89' lang='lat' dir='ltr'>ad</span> <span class='ocrx_word' id='word_1_464' title='bbox 176 3723 314 3779; x_wconf 87' lang='lat' dir='ltr'>mortem</span> <span class='ocrx_word' id='word_1_465' title='bbox 337 3735 441 3798; x_wconf 89' lang='lat' dir='ltr'>usque</span> <span class='ocrx_word' id='word_1_466' title='bbox 471 3713 630 3797; x_wconf 92' lang='lat' dir='ltr'>limpidis,</span> <span class='ocrx_word' id='word_1_467' title='bbox 660 3714 782 3796; x_wconf 92' lang='lat' dir='ltr'>quique</span> <span class='ocrx_word' id='word_1_468' title='bbox 809 3713 934 3795; x_wconf 88' lang='lat' dir='ltr'>ingenii</span> <span class='ocrx_word' id='word_1_469' title='bbox 962 3713 1088 3796; x_wconf 83' lang='lat' dir='ltr'>sagaci-</span> <span class='ocrx_word' id='word_1_470' title='bbox 1138 3708 1273 3793; x_wconf 85' lang='lat' dir='ltr'>dignum</span> <span class='ocrx_word' id='word_1_471' title='bbox 1303 3715 1366 3787; x_wconf 90' lang='lat' dir='ltr'>est,</span> <span class='ocrx_word' id='word_1_472' title='bbox 1396 3709 1530 3773; x_wconf 90' lang='lat' dir='ltr'>unicum</span> <span class='ocrx_word' id='word_1_473' title='bbox 1559 3709 1725 3774; x_wconf 89' lang='lat' dir='ltr'>hominem</span> <span class='ocrx_word' id='word_1_474' title='bbox 1754 3721 1911 3794; x_wconf 89' lang='lat' dir='ltr'>tanquam</span> <span class='ocrx_word' id='word_1_475' title='bbox 1933 3711 2113 3776; x_wconf 90' lang='lat' dir='ltr'>Herculem</span> 
     </span>
     <span class='ocr_line' id='line_1_38' title="bbox 119 3793 2114 3880; baseline -0.001 -16"><span class='ocrx_word' id='word_1_476' title='bbox 119 3807 214 3864; x_wconf 87' lang='lat' dir='ltr'>tatem</span> <span class='ocrx_word' id='word_1_477' title='bbox 237 3805 295 3880; x_wconf 82' lang='lat' dir='ltr'>[lot</span> <span class='ocrx_word' id='word_1_478' title='bbox 317 3809 381 3864; x_wconf 84' lang='lat' dir='ltr'><strong>IIIL</strong></span> <span class='ocrx_word' id='word_1_479' title='bbox 405 3806 437 3878; x_wconf 83' lang='lat'>3]</span> <span class='ocrx_word' id='word_1_480' title='bbox 461 3807 674 3865; x_wconf 85' lang='lat' dir='ltr'>testarentur:</span> <span class='ocrx_word' id='word_1_481' title='bbox 703 3799 794 3864; x_wconf 91' lang='lat' dir='ltr'>cultu</span> <span class='ocrx_word' id='word_1_482' title='bbox 816 3798 959 3880; x_wconf 89' lang='lat' dir='ltr'>corporis</span> <span class='ocrx_word' id='word_1_483' title='bbox 981 3818 1088 3880; x_wconf 90' lang='lat' dir='ltr'>neque</span> <span class='ocrx_word' id='word_1_484' title='bbox 1137 3793 1299 3876; x_wconf 88' lang='lat' dir='ltr'>quendam</span> <span class='ocrx_word' id='word_1_485' title='bbox 1317 3793 1531 3858; x_wconf 89' lang='lat' dir='ltr'>christianum</span> <span class='ocrx_word' id='word_1_486' title='bbox 1549 3800 1598 3859; x_wconf 92' lang='lat' dir='ltr'>tot</span> <span class='ocrx_word' id='word_1_487' title='bbox 1615 3794 1784 3860; x_wconf 89' lang='lat' dir='ltr'>domandis</span> <span class='ocrx_word' id='word_1_488' title='bbox 1799 3797 1954 3862; x_wconf 90' lang='lat' dir='ltr'>monstris</span> <span class='ocrx_word' id='word_1_489' title='bbox 1965 3797 2114 3862; x_wconf 81' lang='lat' dir='ltr'>sulficere</span> 
     </span>
     <span class='ocr_line' id='line_1_39' title="bbox 119 3879 2114 3969; baseline -0.001 -21"><span class='ocrx_word' id='word_1_490' title='bbox 119 3885 201 3949; x_wconf 86' lang='lat' dir='ltr'>culto</span> <span class='ocrx_word' id='word_1_491' title='bbox 222 3907 327 3969; x_wconf 89' lang='lat' dir='ltr'>neque</span> <span class='ocrx_word' id='word_1_492' title='bbox 348 3884 492 3962; x_wconf 89' lang='lat' dir='ltr'>sordido,</span> <span class='ocrx_word' id='word_1_493' title='bbox 515 3884 572 3954; x_wconf 93' lang='lat' dir='ltr'>sed</span> <span class='ocrx_word' id='word_1_494' title='bbox 594 3885 651 3968; x_wconf 91' lang='lat' dir='ltr'>qui</span> <span class='ocrx_word' id='word_1_495' title='bbox 672 3885 871 3968; x_wconf 79' lang='lat' dir='ltr'>singularem</span> <span class='ocrx_word' id='word_1_496' title='bbox 894 3881 1087 3948; x_wconf 89' lang='lat' dir='ltr'>modestiam</span> <span class='ocrx_word' id='word_1_497' title='bbox 1137 3881 1299 3963; x_wconf 90' lang='lat' dir='ltr'>potuisse,</span> <span class='ocrx_word' id='word_1_498' title='bbox 1332 3899 1450 3962; x_wconf 89' lang='lat' dir='ltr'>nempe</span> <span class='ocrx_word' id='word_1_499' title='bbox 1482 3879 1660 3946; x_wconf 88' lang='lat' dir='ltr'>fortissima</span> <span class='ocrx_word' id='word_1_500' title='bbox 1692 3879 1751 3945; x_wconf 90' lang='lat' dir='ltr'>illa</span> <span class='ocrx_word' id='word_1_501' title='bbox 1778 3881 1889 3960; x_wconf 89' lang='lat' dir='ltr'>clava,</span> <span class='ocrx_word' id='word_1_502' title='bbox 1922 3881 1956 3946; x_wconf 92' lang='lat' dir='ltr'>id</span> <span class='ocrx_word' id='word_1_503' title='bbox 1979 3891 2028 3947; x_wconf 91' lang='lat' dir='ltr'>est</span> <span class='ocrx_word' id='word_1_504' title='bbox 2049 3883 2114 3948; x_wconf 92' lang='lat' dir='ltr'>Dei</span> 
     </span>
     <span class='ocr_line' id='line_1_40' title="bbox 119 3963 2111 4054; baseline -0.001 -22"><span class='ocrx_word' id='word_1_505' title='bbox 119 3969 255 4036; x_wconf 90' lang='lat' dir='ltr'>deceret:</span> <span class='ocrx_word' id='word_1_506' title='bbox 289 3971 379 4036; x_wconf 85' lang='lat' dir='ltr'>victu</span> <span class='ocrx_word' id='word_1_507' title='bbox 408 3973 454 4036; x_wconf 89' lang='lat' dir='ltr'>sic</span> <span class='ocrx_word' id='word_1_508' title='bbox 476 3979 672 4054; x_wconf 90' lang='lat' dir='ltr'>temperato,</span> <span class='ocrx_word' id='word_1_509' title='bbox 701 3981 738 4035; x_wconf 89' lang='lat' dir='ltr'>ut</span> <span class='ocrx_word' id='word_1_510' title='bbox 765 3993 785 4035; x_wconf 93' lang='lat' dir='ltr'>a</span> <span class='ocrx_word' id='word_1_511' title='bbox 812 3969 963 4036; x_wconf 89' lang='lat' dir='ltr'>sordibus</span> <span class='ocrx_word' id='word_1_512' title='bbox 992 3970 1087 4034; x_wconf 87' lang='lat' dir='ltr'>stab</span> <span class='ocrx_word' id='word_1_513' title='bbox 1138 3963 1236 4030; x_wconf 86' lang='lat' dir='ltr'>verbo</span> <span class='ocrx_word' id='word_1_514' title='bbox 1258 3971 1414 4030; x_wconf 88' lang='lat' dir='ltr'>utentem.</span> <span class='ocrx_word' id='word_1_515' title='bbox 1459 3965 1576 4048; x_wconf 87' lang='lat' dir='ltr'>Itaque</span> <span class='ocrx_word' id='word_1_516' title='bbox 1604 3975 1684 4048; x_wconf 92' lang='lat' dir='ltr'>quot</span> <span class='ocrx_word' id='word_1_517' title='bbox 1711 3967 1742 4031; x_wconf 93' lang='lat' dir='ltr'>ei</span> <span class='ocrx_word' id='word_1_518' title='bbox 1774 3967 1978 4034; x_wconf 86' lang='lat' dir='ltr'>adversarios</span> <span class='ocrx_word' id='word_1_519' title='bbox 2008 3966 2111 4034; x_wconf 83' lang='lat' dir='ltr'>Satan</span> 
     </span>
     <span class='ocr_line' id='line_1_41' title="bbox 119 4049 2113 4140; baseline 0.001 -21"><span class='ocrx_word' id='word_1_520' title='bbox 119 4057 205 4120; x_wconf 89' lang='lat' dir='ltr'>omni</span> <span class='ocrx_word' id='word_1_521' title='bbox 231 4059 313 4122; x_wconf 84' lang='lat' dir='ltr'>luxu</span> <span class='ocrx_word' id='word_1_522' title='bbox 343 4057 532 4140; x_wconf 88' lang='lat' dir='ltr'>longissime</span> <span class='ocrx_word' id='word_1_523' title='bbox 559 4057 700 4122; x_wconf 87' lang='lat' dir='ltr'>abesset:</span> <span class='ocrx_word' id='word_1_524' title='bbox 734 4055 795 4122; x_wconf 90' lang='lat' dir='ltr'>cibi</span> <span class='ocrx_word' id='word_1_525' title='bbox 818 4055 1017 4138; x_wconf 89' lang='lat' dir='ltr'>parcissimi,</span> <span class='ocrx_word' id='word_1_526' title='bbox 1050 4062 1088 4119; x_wconf 92' lang='lat' dir='ltr'>ut</span> <span class='ocrx_word' id='word_1_527' title='bbox 1137 4051 1296 4117; x_wconf 87' lang='lat' dir='ltr'>excitavit</span> <span class='ocrx_word' id='word_1_528' title='bbox 1324 4049 1447 4133; x_wconf 90' lang='lat' dir='ltr'>(nullos</span> <span class='ocrx_word' id='word_1_529' title='bbox 1476 4052 1562 4115; x_wconf 89' lang='lat' dir='ltr'>enim</span> <span class='ocrx_word' id='word_1_530' title='bbox 1591 4051 1626 4114; x_wconf 91' lang='lat' dir='ltr'>in</span> <span class='ocrx_word' id='word_1_531' title='bbox 1654 4061 1720 4116; x_wconf 87' lang='lat' dir='ltr'>tam</span> <span class='ocrx_word' id='word_1_532' title='bbox 1749 4053 1863 4118; x_wconf 89' lang='lat' dir='ltr'>multis</span> <span class='ocrx_word' id='word_1_533' title='bbox 1893 4053 2003 4118; x_wconf 91' lang='lat' dir='ltr'>hostes</span> <span class='ocrx_word' id='word_1_534' title='bbox 2031 4053 2113 4120; x_wconf 92' lang='lat' dir='ltr'>alios</span> 
     </span>
     <span class='ocr_line' id='line_1_42' title="bbox 119 4135 2114 4225; baseline -0.001 -21"><span class='ocrx_word' id='word_1_535' title='bbox 119 4143 171 4224; x_wconf 90' lang='lat' dir='ltr'>qni</span> <span class='ocrx_word' id='word_1_536' title='bbox 200 4143 318 4208; x_wconf 87' lang='lat' dir='ltr'>multos</span> <span class='ocrx_word' id='word_1_537' title='bbox 347 4163 451 4207; x_wconf 89' lang='lat' dir='ltr'>anuos</span> <span class='ocrx_word' id='word_1_538' title='bbox 480 4143 579 4208; x_wconf 91' lang='lat' dir='ltr'>semel</span> <span class='ocrx_word' id='word_1_539' title='bbox 602 4141 745 4225; x_wconf 88' lang='lat' dir='ltr'>quotidie</span> <span class='ocrx_word' id='word_1_540' title='bbox 769 4143 879 4209; x_wconf 91' lang='lat' dir='ltr'>cibum</span> <span class='ocrx_word' id='word_1_541' title='bbox 901 4141 1086 4223; x_wconf 91' lang='lat' dir='ltr'>sumpserit,</span> <span class='ocrx_word' id='word_1_542' title='bbox 1138 4137 1261 4214; x_wconf 91' lang='lat' dir='ltr'>habuit,</span> <span class='ocrx_word' id='word_1_543' title='bbox 1286 4157 1382 4218; x_wconf 92' lang='lat' dir='ltr'>quam</span> <span class='ocrx_word' id='word_1_544' title='bbox 1405 4135 1433 4201; x_wconf 93' lang='lat' dir='ltr'>si</span> <span class='ocrx_word' id='word_1_545' title='bbox 1455 4137 1570 4218; x_wconf 91' lang='lat' dir='ltr'>pietati</span> <span class='ocrx_word' id='word_1_546' title='bbox 1592 4145 1626 4201; x_wconf 91' lang='lat' dir='ltr'>et</span> <span class='ocrx_word' id='word_1_547' title='bbox 1647 4136 1812 4203; x_wconf 84' lang='lat' dir='ltr'>honestati</span> <span class='ocrx_word' id='word_1_548' title='bbox 1834 4138 1955 4203; x_wconf 92' lang='lat' dir='ltr'>bellum</span> <span class='ocrx_word' id='word_1_549' title='bbox 1973 4136 2114 4204; x_wconf 85' lang='lat' dir='ltr'>indixis-</span> 
     </span>
     <span class='ocr_line' id='line_1_43' title="bbox 120 4222 2112 4309; baseline 0 -19"><span class='ocrx_word' id='word_1_550' title='bbox 120 4228 289 4295; x_wconf 89' lang='lat' dir='ltr'>ventriculi</span> <span class='ocrx_word' id='word_1_551' title='bbox 329 4228 585 4295; x_wconf 88' lang='lat' dir='ltr'>imbecillitatem</span> <span class='ocrx_word' id='word_1_552' title='bbox 626 4237 793 4294; x_wconf 88' lang='lat' dir='ltr'>causatus:</span> <span class='ocrx_word' id='word_1_553' title='bbox 837 4227 943 4293; x_wconf 90' lang='lat' dir='ltr'>somni</span> <span class='ocrx_word' id='word_1_554' title='bbox 982 4246 1087 4309; x_wconf 90' lang='lat' dir='ltr'>paene</span> <span class='ocrx_word' id='word_1_555' title='bbox 1138 4224 1244 4306; x_wconf 88' lang='lat' dir='ltr'>sent),</span> <span class='ocrx_word' id='word_1_556' title='bbox 1267 4229 1316 4287; x_wconf 92' lang='lat' dir='ltr'>tot</span> <span class='ocrx_word' id='word_1_557' title='bbox 1337 4243 1432 4286; x_wconf 87' lang='lat' dir='ltr'>servo</span> <span class='ocrx_word' id='word_1_558' title='bbox 1454 4243 1514 4286; x_wconf 89' lang='lat' dir='ltr'>suo</span> <span class='ocrx_word' id='word_1_559' title='bbox 1536 4222 1697 4287; x_wconf 89' lang='lat' dir='ltr'>Dominus</span> <span class='ocrx_word' id='word_1_560' title='bbox 1720 4223 1929 4289; x_wconf 88' lang='lat' dir='ltr'>victoriarum</span> <span class='ocrx_word' id='word_1_561' title='bbox 1953 4224 2112 4308; x_wconf 88' lang='lat' dir='ltr'>trophaea</span> 
     </span>
     <span class='ocr_line' id='line_1_44' title="bbox 119 4307 2112 4397; baseline 0 -21"><span class='ocrx_word' id='word_1_562' title='bbox 119 4313 244 4390; x_wconf 88' lang='lat' dir='ltr'>nullius,</span> <span class='ocrx_word' id='word_1_563' title='bbox 266 4315 442 4379; x_wconf 87' lang='lat' dir='ltr'>memoriae</span> <span class='ocrx_word' id='word_1_564' title='bbox 463 4315 671 4394; x_wconf 90' lang='lat' dir='ltr'>incredibilis,</span> <span class='ocrx_word' id='word_1_565' title='bbox 694 4323 731 4378; x_wconf 90' lang='lat' dir='ltr'>ut</span> <span class='ocrx_word' id='word_1_566' title='bbox 749 4333 830 4397; x_wconf 88' lang='lat' dir='ltr'>quos</span> <span class='ocrx_word' id='word_1_567' title='bbox 847 4313 947 4377; x_wconf 90' lang='lat' dir='ltr'>semel</span> <span class='ocrx_word' id='word_1_568' title='bbox 970 4311 1087 4395; x_wconf 92' lang='lat' dir='ltr'>adspe-</span> <span class='ocrx_word' id='word_1_569' title='bbox 1139 4309 1261 4375; x_wconf 83' lang='lat' dir='ltr'>defixit.</span> <span class='ocrx_word' id='word_1_570' title='bbox 1303 4307 1516 4373; x_wconf 84' lang='lat' dir='ltr'>Haereticam</span> <span class='ocrx_word' id='word_1_571' title='bbox 1546 4309 1600 4372; x_wconf 91' lang='lat' dir='ltr'>isti</span> <span class='ocrx_word' id='word_1_572' title='bbox 1633 4309 1758 4373; x_wconf 88' lang='lat' dir='ltr'>faciunt</span> <span class='ocrx_word' id='word_1_573' title='bbox 1787 4309 1984 4376; x_wconf 81' lang='lat' dir='ltr'>Calvinum:</span> <span class='ocrx_word' id='word_1_574' title='bbox 2019 4310 2112 4392; x_wconf 85' lang='lat' dir='ltr'>quasi</span> 
     </span>
     <span class='ocr_line' id='line_1_45' title="bbox 119 4393 2113 4483; baseline -0.001 -21"><span class='ocrx_word' id='word_1_575' title='bbox 119 4399 218 4463; x_wconf 80' lang='lat' dir='ltr'>risset</span> <span class='ocrx_word' id='word_1_576' title='bbox 238 4399 351 4465; x_wconf 89' lang='lat' dir='ltr'>multis</span> <span class='ocrx_word' id='word_1_577' title='bbox 372 4408 447 4482; x_wconf 89' lang='lat' dir='ltr'>post</span> <span class='ocrx_word' id='word_1_578' title='bbox 466 4400 563 4466; x_wconf 88' lang='lat' dir='ltr'>annis</span> <span class='ocrx_word' id='word_1_579' title='bbox 592 4401 704 4466; x_wconf 89' lang='lat' dir='ltr'>statim</span> <span class='ocrx_word' id='word_1_580' title='bbox 726 4409 926 4483; x_wconf 84' lang='lat' dir='ltr'>agnosceret,</span> <span class='ocrx_word' id='word_1_581' title='bbox 948 4408 983 4462; x_wconf 91' lang='lat' dir='ltr'>et</span> <span class='ocrx_word' id='word_1_582' title='bbox 1001 4398 1089 4463; x_wconf 92' lang='lat' dir='ltr'>inter</span> <span class='ocrx_word' id='word_1_583' title='bbox 1137 4415 1217 4460; x_wconf 89' lang='lat' dir='ltr'>vero</span> <span class='ocrx_word' id='word_1_584' title='bbox 1240 4415 1306 4458; x_wconf 92' lang='lat' dir='ltr'>non</span> <span class='ocrx_word' id='word_1_585' title='bbox 1329 4393 1456 4458; x_wconf 89' lang='lat' dir='ltr'>sithoc</span> <span class='ocrx_word' id='word_1_586' title='bbox 1478 4395 1576 4458; x_wconf 89' lang='lat' dir='ltr'>etiam</span> <span class='ocrx_word' id='word_1_587' title='bbox 1599 4393 1731 4459; x_wconf 91' lang='lat' dir='ltr'>nomine</span> <span class='ocrx_word' id='word_1_588' title='bbox 1764 4395 1937 4460; x_wconf 90' lang='lat' dir='ltr'>damnatus</span> <span class='ocrx_word' id='word_1_589' title='bbox 1960 4394 2113 4460; x_wconf 73' lang='lat' dir='ltr'>Christum</span> 
     </span>
     <span class='ocr_line' id='line_1_46' title="bbox 120 4478 2113 4569; baseline -0.001 -22"><span class='ocrx_word' id='word_1_590' title='bbox 120 4483 300 4550; x_wconf 90' lang='lat' dir='ltr'>dictandum</span> <span class='ocrx_word' id='word_1_591' title='bbox 323 4505 420 4569; x_wconf 87' lang='lat' dir='ltr'>saepe</span> <span class='ocrx_word' id='word_1_592' title='bbox 453 4487 576 4568; x_wconf 89' lang='lat' dir='ltr'>aliquot</span> <span class='ocrx_word' id='word_1_593' title='bbox 597 4486 695 4551; x_wconf 91' lang='lat' dir='ltr'>horas</span> <span class='ocrx_word' id='word_1_594' title='bbox 716 4485 954 4550; x_wconf 86' lang='lat' dir='ltr'>interturbatus</span> <span class='ocrx_word' id='word_1_595' title='bbox 976 4483 1087 4548; x_wconf 88' lang='lat' dir='ltr'>statim</span> <span class='ocrx_word' id='word_1_596' title='bbox 1136 4481 1223 4564; x_wconf 91' lang='lat' dir='ltr'>ipse,</span> <span class='ocrx_word' id='word_1_597' title='bbox 1256 4489 1289 4543; x_wconf 92' lang='lat' dir='ltr'>et</span> <span class='ocrx_word' id='word_1_598' title='bbox 1321 4478 1452 4562; x_wconf 89' lang='lat' dir='ltr'>quidem</span> <span class='ocrx_word' id='word_1_599' title='bbox 1486 4479 1526 4544; x_wconf 94' lang='lat' dir='ltr'>ab</span> <span class='ocrx_word' id='word_1_600' title='bbox 1559 4479 1639 4561; x_wconf 90' lang='lat' dir='ltr'>ipsis</span> <span class='ocrx_word' id='word_1_601' title='bbox 1667 4481 1897 4546; x_wconf 89' lang='lat' dir='ltr'>sacerdotibus.</span> <span class='ocrx_word' id='word_1_602' title='bbox 1942 4481 2113 4564; x_wconf 81' lang='lat' dir='ltr'>Exprdsus</span> 
     </span>
     <span class='ocr_line' id='line_1_47' title="bbox 121 4560 2110 4650; baseline -0.002 -16"><span class='ocrx_word' id='word_1_603' title='bbox 121 4570 159 4634; x_wconf 90' lang='lat' dir='ltr'>ad</span> <span class='ocrx_word' id='word_1_604' title='bbox 182 4569 299 4637; x_wconf 86' lang='lat' dir='ltr'>dictata</span> <span class='ocrx_word' id='word_1_605' title='bbox 320 4573 411 4636; x_wconf 91' lang='lat' dir='ltr'>nullo</span> <span class='ocrx_word' id='word_1_606' title='bbox 433 4572 741 4638; x_wconf 85' lang='lat' dir='ltr'>commonefaciente</span> <span class='ocrx_word' id='word_1_607' title='bbox 760 4570 890 4650; x_wconf 88' lang='lat' dir='ltr'>rediret,</span> <span class='ocrx_word' id='word_1_608' title='bbox 913 4579 1087 4646; x_wconf 88' lang='lat' dir='ltr'>eteorum,</span> <span class='ocrx_word' id='word_1_609' title='bbox 1137 4575 1189 4633; x_wconf 90' lang='lat' dir='ltr'>est</span> <span class='ocrx_word' id='word_1_610' title='bbox 1210 4567 1358 4640; x_wconf 85' lang='lat' dir='ltr'>Genava,</span> <span class='ocrx_word' id='word_1_611' title='bbox 1382 4560 1464 4631; x_wconf 89' lang='lat' dir='ltr'>adde</span> <span class='ocrx_word' id='word_1_612' title='bbox 1486 4573 1520 4630; x_wconf 91' lang='lat' dir='ltr'>et</span> <span class='ocrx_word' id='word_1_613' title='bbox 1540 4565 1580 4630; x_wconf 90' lang='lat' dir='ltr'>ab</span> <span class='ocrx_word' id='word_1_614' title='bbox 1603 4564 1716 4630; x_wconf 91' lang='lat' dir='ltr'>eadem</span> <span class='ocrx_word' id='word_1_615' title='bbox 1739 4575 1920 4632; x_wconf 85' lang='lat' dir='ltr'>revocatus.</span> <span class='ocrx_word' id='word_1_616' title='bbox 1965 4568 2009 4631; x_wconf 82' lang='lat' dir='ltr'>Et</span> <span class='ocrx_word' id='word_1_617' title='bbox 2031 4565 2110 4650; x_wconf 92' lang='lat' dir='ltr'>quid</span> 
     </span>
     <span class='ocr_line' id='line_1_48' title="bbox 120 4649 2112 4740; baseline -0.003 -20"><span class='ocrx_word' id='word_1_618' title='bbox 120 4676 201 4738; x_wconf 89' lang='lat' dir='ltr'>quae</span> <span class='ocrx_word' id='word_1_619' title='bbox 229 4657 338 4740; x_wconf 90' lang='lat' dir='ltr'>ipsum</span> <span class='ocrx_word' id='word_1_620' title='bbox 371 4678 469 4723; x_wconf 88' lang='lat' dir='ltr'>nosse</span> <span class='ocrx_word' id='word_1_621' title='bbox 501 4659 648 4723; x_wconf 89' lang='lat' dir='ltr'>muneris</span> <span class='ocrx_word' id='word_1_622' title='bbox 689 4658 740 4724; x_wconf 86' lang='lat' dir='ltr'>sui</span> <span class='ocrx_word' id='word_1_623' title='bbox 773 4677 874 4722; x_wconf 88' lang='lat' dir='ltr'>causa</span> <span class='ocrx_word' id='word_1_624' title='bbox 905 4657 1087 4734; x_wconf 90' lang='lat' dir='ltr'>interesset,</span> <span class='ocrx_word' id='word_1_625' title='bbox 1137 4650 1311 4736; x_wconf 84' lang='lat' dir='ltr'>Apostolis,</span> <span class='ocrx_word' id='word_1_626' title='bbox 1334 4649 1412 4733; x_wconf 90' lang='lat' dir='ltr'>quid</span> <span class='ocrx_word' id='word_1_627' title='bbox 1435 4650 1629 4728; x_wconf 83' lang='lat' dir='ltr'>Athanasio,</span> <span class='ocrx_word' id='word_1_628' title='bbox 1653 4651 1730 4734; x_wconf 91' lang='lat' dir='ltr'>quid</span> <span class='ocrx_word' id='word_1_629' title='bbox 1752 4651 1987 4737; x_wconf 82' lang='lat' dir='ltr'>Chrysostomo</span> <span class='ocrx_word' id='word_1_630' title='bbox 2008 4652 2112 4718; x_wconf 89' lang='lat' dir='ltr'>conti·</span> 
     </span>
     <span class='ocr_line' id='line_1_49' title="bbox 121 4735 2112 4827; baseline -0.002 -22"><span class='ocrx_word' id='word_1_631' title='bbox 121 4745 324 4824; x_wconf 82' lang='lat' dir='ltr'>quantumvis</span> <span class='ocrx_word' id='word_1_632' title='bbox 355 4743 593 4826; x_wconf 89' lang='lat' dir='ltr'>multiplicibus</span> <span class='ocrx_word' id='word_1_633' title='bbox 628 4751 661 4808; x_wconf 90' lang='lat' dir='ltr'>et</span> <span class='ocrx_word' id='word_1_634' title='bbox 693 4744 833 4808; x_wconf 89' lang='lat' dir='ltr'>infinitis</span> <span class='ocrx_word' id='word_1_635' title='bbox 865 4741 1007 4827; x_wconf 83' lang='lat' dir='ltr'>negotiis</span> <span class='ocrx_word' id='word_1_636' title='bbox 1030 4761 1087 4823; x_wconf 90' lang='lat' dir='ltr'>op·</span> <span class='ocrx_word' id='word_1_637' title='bbox 1137 4737 1208 4824; x_wconf 84' lang='lat' dir='ltr'>git?</span> <span class='ocrx_word' id='word_1_638' title='bbox 1238 4735 1449 4820; x_wconf 78' lang='lat' dir='ltr'>Exprobrant</span> <span class='ocrx_word' id='word_1_639' title='bbox 1471 4736 1519 4800; x_wconf 91' lang='lat' dir='ltr'>illi</span> <span class='ocrx_word' id='word_1_640' title='bbox 1541 4736 1645 4800; x_wconf 90' lang='lat' dir='ltr'>multa</span> <span class='ocrx_word' id='word_1_641' title='bbox 1665 4737 1816 4802; x_wconf 87' lang='lat' dir='ltr'>nonnulli</span> <span class='ocrx_word' id='word_1_642' title='bbox 1839 4737 1904 4815; x_wconf 89' lang='lat' dir='ltr'>alii,</span> <span class='ocrx_word' id='word_1_643' title='bbox 1926 4736 2112 4804; x_wconf 78' lang='grc'><strong>111111111-</strong></span> 
     </span>
     <span class='ocr_line' id='line_1_50' title="bbox 119 4820 2112 4912; baseline -0.003 -21"><span class='ocrx_word' id='word_1_644' title='bbox 119 4847 260 4909; x_wconf 90' lang='lat' dir='ltr'>pressus,</span> <span class='ocrx_word' id='word_1_645' title='bbox 294 4850 464 4912; x_wconf 91' lang='lat' dir='ltr'>nunquam</span> <span class='ocrx_word' id='word_1_646' title='bbox 498 4837 608 4894; x_wconf 91' lang='lat' dir='ltr'>tamen</span> <span class='ocrx_word' id='word_1_647' title='bbox 648 4828 903 4894; x_wconf 89' lang='lat' dir='ltr'>oblivisceretur.</span> <span class='ocrx_word' id='word_1_648' title='bbox 958 4825 1087 4907; x_wconf 86' lang='lat' dir='ltr'>Iudicii,</span> <span class='ocrx_word' id='word_1_649' title='bbox 1137 4823 1248 4890; x_wconf 87' lang='lat' dir='ltr'>modi‘l</span> <span class='ocrx_word' id='word_1_650' title='bbox 1280 4822 1483 4888; x_wconf 69' lang='lat' dir='ltr'>ambitiosus</span> <span class='ocrx_word' id='word_1_651' title='bbox 1505 4820 1568 4886; x_wconf 89' lang='lat' dir='ltr'>fuit</span> <span class='ocrx_word' id='word_1_652' title='bbox 1598 4822 1736 4900; x_wconf 90' lang='lat' dir='ltr'>seilicet,</span> <span class='ocrx_word' id='word_1_653' title='bbox 1769 4824 1835 4888; x_wconf 91' lang='lat' dir='ltr'>imo</span> <span class='ocrx_word' id='word_1_654' title='bbox 1868 4823 1967 4888; x_wconf 90' lang='lat' dir='ltr'>etiam</span> <span class='ocrx_word' id='word_1_655' title='bbox 1988 4843 2112 4888; x_wconf 83' lang='lat' dir='ltr'>novum</span> 
     </span>
     <span class='ocr_line' id='line_1_51' title="bbox 120 4907 2112 4999; baseline -0.003 -23"><span class='ocrx_word' id='word_1_656' title='bbox 120 4913 360 4999; x_wconf 88' lang='lat' dir='ltr'>quibuscunque</span> <span class='ocrx_word' id='word_1_657' title='bbox 390 4914 430 4980; x_wconf 89' lang='lat' dir='ltr'>de</span> <span class='ocrx_word' id='word_1_658' title='bbox 458 4914 556 4980; x_wconf 88' lang='lat' dir='ltr'>rebus</span> <span class='ocrx_word' id='word_1_659' title='bbox 579 4917 818 4993; x_wconf 87' lang='lat' dir='ltr'>consuleretur,</span> <span class='ocrx_word' id='word_1_660' title='bbox 851 4924 917 4978; x_wconf 90' lang='lat' dir='ltr'>tam</span> <span class='ocrx_word' id='word_1_661' title='bbox 951 4913 1026 4996; x_wconf 94' lang='lat' dir='ltr'>puri</span> <span class='ocrx_word' id='word_1_662' title='bbox 1055 4919 1088 4978; x_wconf 93' lang='lat' dir='ltr'>et</span> <span class='ocrx_word' id='word_1_663' title='bbox 1136 4917 1294 4994; x_wconf 91' lang='lat' dir='ltr'>papatum</span> <span class='ocrx_word' id='word_1_664' title='bbox 1316 4908 1468 4987; x_wconf 84' lang='lat' dir='ltr'>ambivit,</span> <span class='ocrx_word' id='word_1_665' title='bbox 1496 4907 1552 4991; x_wconf 93' lang='lat' dir='ltr'>qui</span> <span class='ocrx_word' id='word_1_666' title='bbox 1575 4907 1635 4974; x_wconf 89' lang='lat' dir='ltr'>hoc</span> <span class='ocrx_word' id='word_1_667' title='bbox 1658 4908 1746 4974; x_wconf 84' lang='lat' dir='ltr'>vitae</span> <span class='ocrx_word' id='word_1_668' title='bbox 1768 4929 1887 4994; x_wconf 84' lang='lat' dir='ltr'>genus,</span> <span class='ocrx_word' id='word_1_669' title='bbox 1918 4909 2003 4974; x_wconf 90' lang='lat' dir='ltr'>hanc</span> <span class='ocrx_word' id='word_1_670' title='bbox 2024 4927 2112 4972; x_wconf 89' lang='lat' dir='ltr'>rem·</span> 
     </span>
     <span class='ocr_line' id='line_1_52' title="bbox 120 4991 2112 5085; baseline -0.002 -23"><span class='ocrx_word' id='word_1_671' title='bbox 120 5000 232 5080; x_wconf 86' lang='lat' dir='ltr'>exacti,</span> <span class='ocrx_word' id='word_1_672' title='bbox 252 5013 290 5066; x_wconf 89' lang='lat' dir='ltr'>ut</span> <span class='ocrx_word' id='word_1_673' title='bbox 307 5021 412 5085; x_wconf 87' lang='lat' dir='ltr'>paene</span> <span class='ocrx_word' id='word_1_674' title='bbox 429 5001 600 5066; x_wconf 87' lang='lat' dir='ltr'>vaticinari</span> <span class='ocrx_word' id='word_1_675' title='bbox 618 5023 715 5085; x_wconf 87' lang='lat' dir='ltr'>saepe</span> <span class='ocrx_word' id='word_1_676' title='bbox 733 5002 776 5065; x_wconf 90' lang='lat' dir='ltr'>sit</span> <span class='ocrx_word' id='word_1_677' title='bbox 792 5001 894 5078; x_wconf 79' lang='lat' dir='ltr'>risus,</span> <span class='ocrx_word' id='word_1_678' title='bbox 918 5020 978 5065; x_wconf 90' lang='lat' dir='ltr'>neo</span> <span class='ocrx_word' id='word_1_679' title='bbox 995 4999 1088 5063; x_wconf 88' lang='lat' dir='ltr'>aber·</span> <span class='ocrx_word' id='word_1_680' title='bbox 1137 4995 1310 5080; x_wconf 83' lang='lat' dir='ltr'>publicam,</span> <span class='ocrx_word' id='word_1_681' title='bbox 1326 4994 1412 5060; x_wconf 90' lang='lat' dir='ltr'>hanc</span> <span class='ocrx_word' id='word_1_682' title='bbox 1430 4991 1569 5076; x_wconf 89' lang='lat' dir='ltr'>denique</span> <span class='ocrx_word' id='word_1_683' title='bbox 1586 4993 1764 5071; x_wconf 89' lang='lat' dir='ltr'>ecelesiam,</span> <span class='ocrx_word' id='word_1_684' title='bbox 1783 5015 1880 5077; x_wconf 87' lang='lat' dir='ltr'>quam</span> <span class='ocrx_word' id='word_1_685' title='bbox 1893 5013 1968 5059; x_wconf 90' lang='lat' dir='ltr'>vere</span> <span class='ocrx_word' id='word_1_686' title='bbox 1979 5014 2112 5076; x_wconf 90' lang='lat' dir='ltr'>possum</span> 
     </span>
     <span class='ocr_line' id='line_1_53' title="bbox 120 5077 2111 5170; baseline -0.002 -22"><span class='ocrx_word' id='word_1_687' title='bbox 120 5103 207 5150; x_wconf 89' lang='lat' dir='ltr'>rasse</span> <span class='ocrx_word' id='word_1_688' title='bbox 226 5087 441 5164; x_wconf 90' lang='lat' dir='ltr'>meminerim,</span> <span class='ocrx_word' id='word_1_689' title='bbox 465 5088 519 5168; x_wconf 92' lang='lat' dir='ltr'>qui</span> <span class='ocrx_word' id='word_1_690' title='bbox 545 5087 716 5152; x_wconf 89' lang='lat' dir='ltr'>consilium</span> <span class='ocrx_word' id='word_1_691' title='bbox 738 5087 842 5170; x_wconf 90' lang='lat' dir='ltr'>ipsius</span> <span class='ocrx_word' id='word_1_692' title='bbox 863 5093 948 5151; x_wconf 89' lang='lat' dir='ltr'>esset</span> <span class='ocrx_word' id='word_1_693' title='bbox 969 5105 1088 5166; x_wconf 89' lang='lat' dir='ltr'>sequu·</span> <span class='ocrx_word' id='word_1_694' title='bbox 1136 5079 1338 5165; x_wconf 90' lang='lat' dir='ltr'>paupertatis</span> <span class='ocrx_word' id='word_1_695' title='bbox 1360 5079 1522 5145; x_wconf 89' lang='lat' dir='ltr'>officinam</span> <span class='ocrx_word' id='word_1_696' title='bbox 1540 5079 1714 5164; x_wconf 90' lang='lat' dir='ltr'>appellare,</span> <span class='ocrx_word' id='word_1_697' title='bbox 1737 5081 1833 5145; x_wconf 86' lang='lat' dir='ltr'>rebus</span> <span class='ocrx_word' id='word_1_698' title='bbox 1851 5077 2002 5143; x_wconf 91' lang='lat' dir='ltr'>omnibus</span> <span class='ocrx_word' id='word_1_699' title='bbox 2021 5087 2111 5144; x_wconf 91' lang='lat' dir='ltr'>ante-</span> 
     </span>
     <span class='ocr_line' id='line_1_54' title="bbox 122 5163 2110 5256; baseline -0.003 -23"><span class='ocrx_word' id='word_1_700' title='bbox 122 5177 180 5234; x_wconf 90' lang='lat' dir='ltr'>tus.</span> <span class='ocrx_word' id='word_1_701' title='bbox 229 5173 417 5238; x_wconf 82' lang='lat' dir='ltr'>Facundiae</span> <span class='ocrx_word' id='word_1_702' title='bbox 453 5181 658 5256; x_wconf 89' lang='lat' dir='ltr'>contemptor</span> <span class='ocrx_word' id='word_1_703' title='bbox 692 5181 725 5238; x_wconf 93' lang='lat' dir='ltr'>et</span> <span class='ocrx_word' id='word_1_704' title='bbox 753 5173 926 5238; x_wconf 86' lang='lat' dir='ltr'>verborum</span> <span class='ocrx_word' id='word_1_705' title='bbox 960 5189 1088 5254; x_wconf 90' lang='lat' dir='ltr'>paraus,</span> <span class='ocrx_word' id='word_1_706' title='bbox 1138 5167 1253 5251; x_wconf 90' lang='lat' dir='ltr'>posuit.</span> <span class='ocrx_word' id='word_1_707' title='bbox 1287 5164 1543 5232; x_wconf 82' lang='lat' dir='ltr'>Accumulandis</span> <span class='ocrx_word' id='word_1_708' title='bbox 1567 5165 1616 5252; x_wconf 91' lang='lat' dir='ltr'>[D</span> <span class='ocrx_word' id='word_1_709' title='bbox 1635 5164 1669 5254; x_wconf 85' lang='lat'>5]</span> <span class='ocrx_word' id='word_1_710' title='bbox 1693 5166 1816 5232; x_wconf 90' lang='lat' dir='ltr'>seilicet</span> <span class='ocrx_word' id='word_1_711' title='bbox 1837 5163 1953 5246; x_wconf 89' lang='lat' dir='ltr'>opibus</span> <span class='ocrx_word' id='word_1_712' title='bbox 1974 5163 2110 5242; x_wconf 91' lang='lat' dir='ltr'>studuit,</span> 
     </span>
    </p>
   </div>
   <div class='ocr_carea' id='block_1_4' title="bbox 122 5247 2111 5430">
    <p class='ocr_par' dir='ltr' id='par_1_7' title="bbox 122 5247 2111 5430">
     <span class='ocr_line' id='line_1_55' title="bbox 122 5247 2111 5342; baseline -0.003 -22"><span class='ocrx_word' id='word_1_713' title='bbox 122 5254 177 5320; x_wconf 89' lang='lat' dir='ltr'>sed</span> <span class='ocrx_word' id='word_1_714' title='bbox 197 5259 327 5324; x_wconf 90' lang='lat' dir='ltr'>minime</span> <span class='ocrx_word' id='word_1_715' title='bbox 348 5260 480 5342; x_wconf 90' lang='lat' dir='ltr'>ineptus</span> <span class='ocrx_word' id='word_1_716' title='bbox 503 5259 651 5341; x_wconf 87' lang='lat' dir='ltr'>scriptor,</span> <span class='ocrx_word' id='word_1_717' title='bbox 674 5267 707 5324; x_wconf 91' lang='lat' dir='ltr'>et</span> <span class='ocrx_word' id='word_1_718' title='bbox 729 5279 792 5341; x_wconf 91' lang='lat' dir='ltr'>quo</span> <span class='ocrx_word' id='word_1_719' title='bbox 814 5257 924 5323; x_wconf 89' lang='lat' dir='ltr'>nullus</span> <span class='ocrx_word' id='word_1_720' title='bbox 942 5256 983 5322; x_wconf 92' lang='lat' dir='ltr'>ad</span> <span class='ocrx_word' id='word_1_721' title='bbox 1000 5255 1089 5320; x_wconf 90' lang='lat' dir='ltr'>huno</span> <span class='ocrx_word' id='word_1_722' title='bbox 1138 5253 1232 5320; x_wconf 91' lang='lat' dir='ltr'>cuius</span> <span class='ocrx_word' id='word_1_723' title='bbox 1263 5251 1350 5316; x_wconf 91' lang='lat' dir='ltr'>bona</span> <span class='ocrx_word' id='word_1_724' title='bbox 1382 5251 1508 5330; x_wconf 90' lang='lat' dir='ltr'>omnia,</span> <span class='ocrx_word' id='word_1_725' title='bbox 1548 5273 1623 5318; x_wconf 89' lang='lat' dir='ltr'>care</span> <span class='ocrx_word' id='word_1_726' title='bbox 1664 5252 1762 5316; x_wconf 90' lang='lat' dir='ltr'>etiam</span> <span class='ocrx_word' id='word_1_727' title='bbox 1800 5247 1968 5315; x_wconf 86' lang='lat' dir='ltr'>divendita</span> <span class='ocrx_word' id='word_1_728' title='bbox 2007 5251 2111 5334; x_wconf 90' lang='lat' dir='ltr'>ipsius</span> 
     </span>
     <span class='ocr_line' id='line_1_56' title="bbox 123 5336 2111 5430; baseline -0.002 -26"><span class='ocrx_word' id='word_1_729' title='bbox 123 5339 206 5406; x_wconf 88' lang='lat' dir='ltr'>diem</span> <span class='ocrx_word' id='word_1_730' title='bbox 222 5344 390 5429; x_wconf 84' lang='lat' dir='ltr'>theologus</span> <span class='ocrx_word' id='word_1_731' title='bbox 408 5344 507 5430; x_wconf 89' lang='lat' dir='ltr'>(absit</span> <span class='ocrx_word' id='word_1_732' title='bbox 525 5343 623 5410; x_wconf 87' lang='lat' dir='ltr'>verbo</span> <span class='ocrx_word' id='word_1_733' title='bbox 641 5343 781 5430; x_wconf 74' lang='lat' dir='ltr'>invidia)</span> <span class='ocrx_word' id='word_1_734' title='bbox 799 5346 922 5428; x_wconf 91' lang='lat' dir='ltr'>purius,</span> <span class='ocrx_word' id='word_1_735' title='bbox 945 5341 1088 5427; x_wconf 83' lang='lat' dir='ltr'>gravius,</span> <span class='ocrx_word' id='word_1_736' title='bbox 1139 5336 1343 5417; x_wconf 89' lang='lat' dir='ltr'>bibliotheca,</span> <span class='ocrx_word' id='word_1_737' title='bbox 1366 5337 1424 5402; x_wconf 83' lang='lat' dir='ltr'>vix</span> <span class='ocrx_word' id='word_1_738' title='bbox 1445 5345 1609 5404; x_wconf 90' lang='lat' dir='ltr'>trecentos</span> <span class='ocrx_word' id='word_1_739' title='bbox 1637 5357 1753 5402; x_wconf 90' lang='lat' dir='ltr'>aureos</span> <span class='ocrx_word' id='word_1_740' title='bbox 1775 5345 1962 5419; x_wconf 88' lang='lat' dir='ltr'>aequarent,</span> <span class='ocrx_word' id='word_1_741' title='bbox 1985 5343 2022 5401; x_wconf 91' lang='lat' dir='ltr'>ut</span> <span class='ocrx_word' id='word_1_742' title='bbox 2044 5356 2111 5400; x_wconf 90' lang='lat' dir='ltr'>non</span> 
     </span>
    </p>
   </div>
   <div class='ocr_carea' id='block_1_5' title="bbox 0 0 2390 6119">
    <p class='ocr_par' dir='ltr' id='par_1_8' title="bbox 0 0 2390 6119">
     <span class='ocr_line' id='line_1_57' title="bbox 0 0 2390 6119; baseline 0 0"><span class='ocrx_word' id='word_1_743' title='bbox 0 0 2390 6119; x_wconf 95' lang='lat' dir='ltr'> </span> 
     </span>
    </p>
   </div>
  </div>
 </body>
</html>
