4848 6120
119 460 169 520 141
934 450 1047 516 VI'PA
1067 445 1270 513 GALVINI.
2042 455 2113 516 142·

115 643 228 710 ιιιιοιιιι
256 661 389 706 rursum
419 647 469 706 est
496 639 656 720 ἀμνηστίας
680 639 738 706 sed
767 639 848 706 haee
878 639 988 705 omnia
1020 658 1079 721 per
1130 635 1233 700 bonos
1255 645 1288 700 et
1310 633 1459 702 veritatis
1480 644 1628 701 amantes
1660 636 1855 702 conveniret.
1900 635 2030 720 Scripta
2051 649 2103 706 est

115 727 344 796 simulationem
366 725 453 792 facta
468 725 580 807 fuisse,
602 748 662 792 nec
680 726 771 791 aliud
788 735 861 790 tum
879 725 1079 808 quaesivisse
1129 721 1230 806 igitur
1251 741 1380 787 summa
1402 722 1546 786 omnium
1558 721 1803 788 Helvetioarum
1826 722 2102 792 etRhaeticarum

114 815 295 890 Petrinum,
339 833 437 895 quam
469 821 508 876 ut
539 811 750 896 syndioatum
783 811 920 894 adeptus
952 810 1078 874 aditum
1130 807 1339 873 ecclesiarum
1358 807 1592 890 approbatione
1609 808 1786 884 consensio,
1809 827 1891 890 quae
1908 812 2102 891 praesertim

114 900 169 966 sibi
198 907 230 964 et
260 899 330 964 suis
362 896 404 962 sd
437 897 546 962 omnia
579 897 745 980 perdenda
777 897 883 980 magis
915 917 952 962 ac
974 894 1079 979 magis
1128 893 1311 958 Henrieum
1335 893 1560 976 Bullingerum
1587 914 1662 959 oum
1686 893 1824 959 Calvino
1847 895 2102 978 Tigurinamque

114 984 316 1070 patefaceret,
350 991 490 1048 eventus
511 983 742 1066 comprobavit.
788 982 946 1049 Calvinus
969 989 1077 1046 autem
1129 979 1298 1044 ecelesiam
1320 999 1393 1043 cum
1417 977 1604 1044 Genevensi
1626 979 1809 1046 arctissimo
1842 980 1974 1046 viuculo
1995 982 2101 1065 magis

115 1072 177 1138 istis
196 1068 490 1137 concertationibus
512 1090 578 1134 non
600 1069 697 1133 modo
727 1090 794 1133 non
816 1069 929 1144 cessit,
962 1087 1078 1131 verum
1130 1085 1166 1130 ac
1189 1065 1293 1148 magis
1314 1064 1488 1148 colligavit,
1511 1065 1545 1128 in
1568 1085 1632 1147 quo
1653 1066 1751 1128 etiam
1772 1086 1886 1131 omnes
1904 1065 2010 1132 adhuc
2027 1087 2101 1150 per-

115 1157 202 1223 stiom
224 1157 317 1238 quasi
339 1155 375 1218 in
396 1155 460 1219 otio
489 1176 548 1218 sex
570 1154 736 1238 Epistulas
758 1153 856 1220 Pauli
885 1151 1079 1218 doctissimis
1129 1161 1255 1214 stamus
1277 1157 1310 1214 et
1331 1149 1372 1212 ad
1394 1158 1580 1214 extromum
1602 1171 1705 1234 usque
1734 1149 1867 1216 favente
1889 1152 1961 1216 Deo
1982 1154 2100 1236 persti-

114 1241 345 1308 commentariis
385 1239 584 1318 illustravit,
628 1248 662 1304 et
692 1240 831 1304 Interim
871 1237 953 1302 illud
992 1237 1078 1320 quod
1120 1245 1219 1300 ¹turos
1240 1256 1300 1300 nos
1322 1255 1500 1318 speramus.

24 1363 28 1376 ·
114 1337 236 1402 vocant,
264 1323 515 1409 pessumdandis
538 1325 745 1392 Germanicis
774 1327 953 1404 [fol.111.1]
976 1322 1076 1388 eccle·
1216 1320 1273 1386 Sic
1295 1341 1401 1386 annus
1422 1320 1480 1385 ille
1500 1319 1579 1385 felix
1601 1319 1694 1385 nobis
1723 1329 1856 1386 exactus
1878 1331 1942 1404 est,
1972 1325 2000 1388 si
2025 1344 2100 1389 oum

113 1415 163 1478 riis
184 1412 327 1488 editum,
360 1409 557 1495 gravissimo
578 1411 698 1494 scripto
720 1411 879 1476 refutavit
901 1427 1078 1490 veramque
1128 1409 1264 1472 caeteris
1286 1407 1486 1472 conferatur:
1509 1407 1603 1472 ouius
1621 1427 1659 1472 eo
1676 1405 1831 1472 libentius
1848 1410 1990 1490 memini,
2012 1411 2099 1493 quod

112 1495 335 1563 instaurandae
353 1496 508 1562 ecclesiae
519 1497 680 1562 rationem
691 1495 848 1562 ostendit:
871 1494 1078 1578 Astrologiae
1128 1492 1157 1558 is
1190 1493 1271 1557 mihi
1304 1493 1428 1575 primae
1461 1491 1502 1557 ad
1534 1492 1766 1558 ecclesiasticas
1799 1493 1980 1560 functiones
2001 1516 2098 1562 voca-

114 1584 241 1666 denique
274 1603 375 1666 quam
407 1581 609 1648 iudiciariam
643 1591 777 1658 vocant,
811 1582 864 1646 cui
891 1581 1078 1664 plusculum
1128 1578 1227 1643 tionis
1248 1599 1357 1654 meae,
1385 1587 1521 1644 vocante
1543 1597 1596 1642 mo
1617 1579 1847 1643 Lausannensi
1874 1579 2008 1646 ecelesia
2035 1584 2097 1646 im·

114 1669 248 1734 tribuere
288 1689 356 1732 non
394 1669 489 1750 pauci
521 1667 734 1746 videbantur,
774 1667 951 1732 falsitatem
983 1673 1078 1747 atque
1128 1663 1269 1746 pellente
1291 1683 1367 1731 vero
1390 1663 1538 1741 Calvino,
1561 1664 1690 1728 initium
1712 1663 1820 1730 fuerit.
1857 1663 1997 1749 Scripsit
2018 1688 2098 1748 quo-

113 1755 281 1822 vauitatem
305 1753 549 1838 elegantissimo
569 1753 679 1818 libello
698 1753 860 1836 patefecit.
896 1753 979 1816 'lum
998 1771 1076 1832 quo·
1129 1771 1191 1832 que
1225 1771 1282 1832 per
1315 1749 1348 1814 id
1383 1757 1513 1832 tempus
1546 1749 1638 1814 binas
1677 1750 1911 1817 eruditissimas
1944 1751 2098 1836 epistolas

113 1862 167 1924 que
199 1840 379 1904 aBrentio
401 1838 553 1904 Basileae
585 1839 755 1904 exsulante
783 1839 888 1904 literis
916 1837 1077 1902 salutatus
1128 1835 1243 1901 Laelio
1256 1835 1375 1902 Sooino
1387 1833 1537 1913 Senensi,
1560 1835 1674 1920 Tiguri
1696 1835 1752 1901 diu
1776 1845 1906 1901 versato
1918 1857 1954 1902 ae
1965 1837 2099 1903 tandem

113 1926 299 1994 amicissime
317 1925 411 1990 illum
430 1925 614 1990 consolatus
636 1935 695 2003 est,
717 1926 751 1988 in
769 1945 833 2006 qua
851 1923 1077 1990 coniunctione
1128 1921 1228 1985 etiam
1250 1932 1388 1987 mortuo.
1432 1921 1487 1986 Ex
1514 1921 1555 1985 iis
1584 1942 1661 1986 vero
1689 1922 1775 2003 quod
1804 1922 1903 1988 fuerit
1931 1923 2019 1988 illius
2046 1924 2098 1988 in·

113 2013 228 2076 utinam
261 2021 409 2094 perstare
431 2011 587 2074 Brentius
619 2011 800 2076 institisset.
845 2011 1008 2075 Buoerum
1040 2007 1074 2070 in
1127 2007 1276 2089 genium,
1310 2027 1428 2090 nempe
1460 2007 1557 2090 plane
1579 2006 1826 2086 Academicum,
1859 2007 1954 2073 facile
1987 2009 2096 2092 quivis

113 2097 225 2180 englis
246 2096 454 2161 exsulantem
478 2105 557 2160 tunc
575 2116 701 2178 quoque
719 2097 860 2180 ingenue
880 2092 1015 2171 monuit,
1038 2103 1076 2156 nt
1128 2093 1302 2176 dignoscet,
1325 2114 1377 2158 res
1399 2101 1509 2157 eutem
1530 2093 1600 2175 ipsa
1621 2113 1693 2158 sero
1716 2115 1753 2159 ac
1775 2094 1906 2158 nonnisi
1928 2107 2000 2176 post
2028 2095 2097 2161 eius

112 2183 206 2266 magis
232 2183 404 2266 perspicue
433 2179 473 2246 de
502 2201 603 2246 coena
625 2181 758 2246 Domini
791 2180 947 2246 scriberet
968 2201 1005 2244 ao
1027 2177 1075 2242 lo·
1127 2179 1250 2243 obitum
1272 2179 1431 2263 patefecit,
1455 2199 1557 2260 quum
1579 2177 1730 2244 ecclosias
1752 2201 1931 2262 peragrans
1963 2200 2000 2246 ac
2022 2180 2097 2247 doo-

113 2278 270 2350 queretur‚
313 2277 348 2334 ct
387 2266 583 2332 amicissime
622 2267 745 2332 solatus
784 2277 844 2332 est.
905 2263 1075 2346 Simulque
1127 2264 1290 2329 tissimum
1323 2285 1482 2346 quemque
1514 2285 1551 2330 ac
1584 2265 1619 2328 in
1651 2265 1691 2330 iis
1725 2265 1875 2347 inprimis
1896 2265 2096 2349 Philippum,

112 2353 361 2420 Sommcrsetum
382 2353 518 2428 Ducem,
542 2351 682 2436 Angliae
703 2361 934 2435 protectorem,
967 2350 1074 2433 indig-
1127 2349 1313 2428 Calvinum,
1334 2349 1537 2416 Ioaohimum
1561 2349 1699 2432 danique
1721 2350 1944 2416 Camerarium
1976 2355 2011 2433 (a
2032 2372 2097 2436 quo

112 2439 236 2504 nissima
256 2450 369 2521 postea
388 2449 494 2502 morte
522 2438 683 2514 affectum,
712 2447 861 2504 accurate
886 2437 1013 2519 scriptis
1036 2435 1074 2498 li·
1126 2436 1160 2500 in
1184 2435 1330 2519 Philippi
1369 2436 1438 2500 vita
1476 2436 1712 2519 perhonorifice
1755 2437 1941 2502 testimonio
1985 2447 2098 2503 eontra
2161 2431 2163 2442 '

112 2526 179 2590 teris
206 2545 321 2590 eorum
350 2523 519 2590 admonuit
549 2544 632 2605 quae
661 2525 688 2588 si
715 2533 786 2588 tum
814 2533 923 2588 essent
951 2523 987 2586 in
1017 2520 1074 2586 illo
1125 2543 1222 2604 quam
1244 2529 1426 2588 mereretur
1453 2531 1588 2588 ornatus
1617 2521 1681 2607 est)
1705 2521 1881 2588 fefellisset.
1927 2521 2096 2606 Siquidem

111 2631 201 2694 regno
224 2609 454 2676 animadversa
483 2607 605 2673 multas
631 2608 769 2676 fortasse
790 2617 999 2692 tempestates
1022 2629 1073 2673 ec·
1125 2607 1217 2672 illum
1248 2617 1359 2690 postea
1386 2607 1571 2685 Bellianae,
1600 2607 1640 2672 de
1665 2629 1730 2690 qua
1757 2629 1817 2673 suo
1844 2608 1912 2673 loco
1942 2608 2095 2688 dicemus,

111 2695 216 2762 clasiae
244 2695 449 2780 Anglicanae
482 2693 689 2760 devitassent.
734 2695 908 2762 Crescebat
935 2694 970 2758 in
1003 2693 1073 2758 istis
1124 2693 1299 2776 farraginis
1317 2691 1460 2756 maxima
1482 2713 1523 2758 ex
1545 2701 1638 2774 parte
1660 2705 1807 2758 autorem
1829 2692 1944 2771 fuisse,
1968 2703 2000 2759 et
2019 2693 2096 2760 Ser·

111 2782 333 2848 certaminibus
355 2780 549 2847 mirabiliter
576 2779 711 2848 ecclesia
733 2781 952 2852 Genevensis,
986 2776 1073 2862 quod
1126 2779 1200 2856 veti,
1223 2777 1446 2854 Castellionis,
1476 2776 1597 2842 Oohini
1625 2777 1762 2860 denique
1791 2779 1952 2844 furoribus
1974 2779 2094 2846 favisse
2167 2815 2168 2819 =

109 2876 140 2930 ut
159 2869 278 2932 ιιιιιιιιιι
301 2868 336 2932 ιιι
359 2866 492 2931 modum
504 2863 662 2932 Satanam
684 2874 717 2930 et
739 2867 841 2932 malos
862 2865 1004 2948 angebat
1026 2866 1073 2928 ita
1124 2873 1327 2947 compertum
1345 2871 1403 2938 est,
1424 2871 1574 2928 exstante
1593 2864 1690 2928 etiam
1709 2863 1797 2928 illius
1815 2865 1849 2928 in
1869 2864 1949 2928 illud
1967 2865 2096 2931 illustre

110 2952 230 3018 Calvini
264 2951 467 3037 excipiendis
498 2972 556 3034 pro
586 2952 712 3018 Christi
744 2953 876 3018 nomine
906 2950 1073 3015 exsulibus
1125 2951 1269 3034 primum
1290 2957 1389 3033 caput
1409 2947 1542 3014 Ioannis
1573 2951 1820 3029 commentario,
1853 2951 1889 3014 in
1917 2971 1980 3033 qno
2002 2950 2095 3016 facile

108 3040 215 3104 intenti
231 3038 378 3105 studium
397 3037 607 3104 vehementer
624 3037 774 3103 acucbat:
793 3038 846 3103 oui
862 3035 1073 3102 sollicitudini
1125 3037 1271 3101 omnium
1319 3034 1375 3118 qui
1415 3055 1561 3117 unquam
1594 3035 1688 3100 illum
1728 3034 1835 3103 locum
1874 3036 1970 3119 longe
2009 3035 2095 3101 divi·

108 3127 147 3190 sio
177 3125 260 3190 favit
293 3146 380 3191 anno
407 3131 624 3206 consequente
656 3132 802 3188 MDXLIX
823 3121 1001 3200 Dominus,
1035 3129 1073 3186 ut
1124 3123 1296 3188 nissimum
1350 3129 1567 3204 corruperunt
1613 3120 1853 3188 haeretieorum
1895 3121 2096 3207 impietatem

108 3212 160 3274 etsi
180 3233 245 3276 non
267 3210 432 3276 exstincta
440 3230 585 3292 prorsus,
608 3215 752 3273 ettamen
764 3209 805 3274 ad
823 3217 951 3292 tempus
968 3207 1074 3291 sopita
1124 3208 1299 3290 soporavit.

107 3296 295 3362 furiosorum
321 3294 513 3378 improbitas
534 3295 710 3361 videretur.
755 3295 800 3360 Et
830 3315 909 3360 sane
931 3293 1072 3359 induciis

109 3381 214 3466 egebat
231 3381 297 3461 ille,
317 3381 510 3466 praesertim
527 3401 605 3446 casu
624 3379 799 3446 domestico
857 3380 961 3447 ariter
972 3381 1072 3446 affiic-
1210 3378 1278 3460 Qui
1310 3377 1398 3445 huno
1431 3377 1559 3462 excepit
1591 3399 1714 3456 mnus,
1747 3399 1864 3462 nempe
1897 3379 2095 3462 quinquage-

108 3476 163 3547 tus,
184 3469 306 3534 amissa
323 3467 475 3536 videlieet
495 3488 597 3532 uxore
617 3466 795 3532 lectissime
830 3467 953 3532 emina:
976 3486 1073 3548 quem
1124 3466 1226 3531 simus
1247 3485 1353 3547 supra·
1367 3463 1695 3548 sesquimillesimum,
1722 3464 1801 3529 satis
1823 3464 1909 3548 quod
1931 3465 1973 3530 ad
1995 3465 2095 3530 cocle-

109 3565 209 3619 tamen
231 3573 345 3620 casum
372 3554 420 3618 ita
441 3560 628 3619 constanter
651 3551 739 3629 tulit,
774 3561 809 3618 ut
831 3552 893 3618 hac
915 3551 1015 3617 etiam
1037 3551 1073 3615 in
1124 3553 1204 3617 siam
1217 3553 1242 3634 ¹)
1265 3551 1382 3616 attinet
1403 3549 1601 3632 tranquillus
1622 3547 1694 3628 fuit,
1717 3569 1817 3632 eoque
1846 3548 2013 3616 decretum
2035 3559 2094 3628 est,

108 3661 138 3704 re
172 3639 340 3726 singulare
372 3638 574 3704 fortitudinis
606 3637 794 3721 exemplum
828 3638 888 3703 toti
920 3637 1073 3704 ecclesiae
1123 3646 1161 3703 nt
1189 3636 1330 3701 ministri
1363 3656 1430 3700 non
1460 3643 1589 3700 tentum
1614 3635 1649 3700 in
1678 3635 1898 3714 concionibus,
1928 3655 2009 3718 quas
2038 3635 2095 3700 alii

107 3727 294 3808 praebuerit
1124 3723 1346 3806 negligebant,
1369 3722 1426 3786 alii
1444 3742 1509 3786 non
1531 3741 1651 3804 magno
1673 3741 1748 3787 oum
1776 3721 1885 3786 fructu
1907 3719 2090 3800 audiebant,

183 3811 310 3878 Eodem
336 3809 398 3876 hoo
427 3831 514 3876 anno
541 3817 656 3876 exorta
676 3811 711 3874 in
734 3808 906 3876 Saxonicis
928 3808 1073 3875 ecelesiis
1123 3811 1180 3874 sed
1209 3809 1308 3873 etiam
1337 3807 1505 3891 sigillatim
1533 3827 1592 3889 per
1625 3805 1737 3872 domos
1766 3815 1799 3870 et
1831 3807 1972 3872 familias
2004 3815 2093 3872 certo

107 3897 307 3962 contentione
340 3895 380 3962 de
412 3896 510 3962 rebus
532 3895 734 3980 adiaphoris,
769 3917 870 3978 quum
892 3915 912 3959 a
934 3894 1072 3960 (lalvino
1124 3895 1201 3960 anni
1223 3902 1382 3976 tempore,
1416 3892 1561 3958 adhibito
1583 3892 1741 3975 cuiusque
1762 3892 1903 3976 regionis
1924 3892 2016 3958 urbis
2038 3892 2094 3957 de-

108 4003 226 4066 qnoque
249 3982 418 4049 eonsilium
445 3989 628 4065 peteretur,
661 3982 856 4048 sententiam
885 3980 947 4045 hac
975 3980 1015 4044 de
1036 4001 1072 4044 re
1124 3981 1255 4045 curione
1282 3979 1425 4061 itemque
1454 3977 1645 4063 presbytero
1674 3977 1803 4060 plebem
1812 3977 1840 4063 ²)
1872 3978 2092 4057 instituerent,

107 4089 191 4134 suam
219 4068 322 4134 libere
348 4068 513 4150 exposuit,
545 4068 698 4151 Philippo
720 4067 819 4132 etiam
841 4067 938 4132 officii
960 4064 1072 4131 admo·
1123 4075 1157 4134 et
1178 4067 1218 4131 ab
1247 4085 1441 4148 unoquoque
1469 4063 1546 4128 fidei
1574 4064 1734 4128 rationem
1761 4065 1948 4128 summatim
1977 4084 2093 4147 expos·

107 4153 186 4232 nito,
208 4176 307 4237 quem
328 4153 478 4219 nonnulli
501 4155 593 4219 utin
614 4174 652 4219 eo
675 4153 854 4218 molliorem
877 4151 1073 4218 accusabant
1123 4159 1247 4218 carent:
1281 4172 1346 4234 qua
1372 4171 1413 4214 ex
1435 4152 1507 4232 rel)
1534 4150 1590 4214 vix
1620 4147 1773 4215 credibile
1801 4157 1852 4213 est
1878 4159 2020 4232 quantus
2049 4150 2094 4214 sit

106 4237 263 4305 immerito
284 4239 318 4304 id
339 4237 486 4323 qnidam,
516 4249 553 4304 ut
575 4239 758 4306 accuratius
785 4246 896 4322 postea
915 4237 1072 4304 Calvinus
1122 4239 1246 4304 fructus
1267 4243 1493 4319 consequutus.
1533 4235 1684 4300 Alterum
1707 4234 1880 4312 decretum,
1903 4243 1940 4300 ut
1960 4235 1996 4299 in
2017 4255 2093 4318 pro·

107 4325 260 4408 cognovit.
294 4327 379 4390 'lum
397 4327 486 4390 enim
503 4333 574 4390 erat
590 4325 739 4409 ignotum
762 4343 825 4408 quo
848 4323 1072 4388 animomalus
1123 4325 1249 4390 ximum
1282 4321 1368 4387 diem
1377 4323 1406 4403 ⁴)
1439 4321 1616 4386 referretur
1647 4320 1816 4385 Natalium
1843 4321 1976 4385 Domini
2008 4320 2093 4387 eele-

106 4409 157 4474 ille
173 4411 289 4495 genius
311 4421 345 4476 et
366 4418 435 4476 tota
446 4411 696 4478 Flaccianorum
707 4411 824 4476 cohors
840 4409 1071 4493 impelleretur,
1123 4409 1242 4488 brutio,
1272 4429 1332 4474 neo
1354 4407 1414 4472 ulli
1436 4407 1491 4472 alii
1513 4407 1587 4471 festi
1617 4405 1686 4472 dies
1713 4414 1822 4471 essent
1842 4419 1972 4489 praeter
1993 4407 2092 4489 septi·

108 4516 184 4578 quae
206 4505 255 4561 tot
275 4505 389 4580 postea
411 4497 523 4563 turbas
545 4495 649 4574 dedit,
678 4503 711 4562 et
731 4517 820 4562 nuno
843 4517 968 4579 quoque
990 4515 1071 4594 opus
1122 4517 1213 4561 mum
1235 4514 1403 4578 quemque.
1426 4514 1523 4576 quem
1545 4492 1756 4558 Dominioum
1779 4513 1945 4571 vocamus,
1968 4493 2092 4558 factum

108 4579 238 4647 Domini
260 4583 445 4649 labefactat:
475 4605 542 4648 non
564 4583 659 4648 aliter
681 4603 777 4662 sane,
799 4603 858 4647 neo
880 4584 989 4646 minus
1010 4602 1072 4644 rm·
1122 4583 1278 4664 plurimos
1298 4578 1443 4658 offendit,
1466 4577 1546 4644 adeo
1568 4577 1697 4659 quidem
1718 4585 1837 4642 utnon
1856 4577 2012 4656 deessent,
2035 4577 2091 4660 qui

108 4666 263 4748 pudenter
283 4689 322 4734 ao
343 4669 474 4749 furiose,
496 4690 592 4751 quam
616 4672 644 4735 si
666 4667 707 4733 ab
728 4667 798 4751 ipso
819 4668 969 4732 Romano
992 4687 1071 4750 pon-
1123 4669 1192 4734 dics
1212 4668 1300 4751 ipsos
1323 4665 1499 4730 dominicos
1522 4662 1690 4729 aOalvino
1703 4663 1846 4729 sublatos
1857 4665 2090 4746 confingerent,

108 4753 190 4817 tilios
211 4756 339 4838 magnis
368 4754 538 4838 stipendiis
570 4766 655 4820 esset
683 4754 851 4819 conducta.
897 4753 1072 4819 Caeterum
1122 4763 1159 4819 ut
1189 4773 1265 4819 eum
1299 4752 1335 4814 in
1366 4749 1525 4815 invidiam
1558 4757 1727 4816 vocarent:
1761 4769 1861 4832 quum
1894 4759 2003 4814 mmen
2023 4766 2090 4812 non

108 4835 165 4902 hoe
186 4841 328 4908 ecclesiis
350 4840 555 4908 Germanicis
587 4839 746 4906 inflictum
769 4839 889 4904 vulnus
910 4839 1072 4905 conmario
1120 4838 1315 4922 postulante,
1334 4837 1390 4901 sed
1408 4837 1507 4900 etiam
1524 4833 1696 4919 ignorante
1712 4834 1937 4900 ministrorum
1955 4833 2089 4916 collegio

109 4921 258 4992 beneficio
295 4927 460 4992 Dominus
502 4925 588 5008 apud
627 4925 799 4992 Helvetios
841 4924 1070 5010 compensavit,
1121 4934 1230 4991 actum
1252 4943 1290 4989 ea
1312 4921 1351 4987 de
1373 4941 1409 4986 re
1431 4919 1517 5004 apud
1549 4920 1706 5006 populum
1735 4920 1962 5003 decretumque
1989 4919 2090 4985 uisse

109 5007 236 5076 liarello
263 5013 362 5079 simul
393 5034 431 5078 eo
463 5011 603 5078 Calvino
636 5013 795 5095 'ligurum
834 5011 987 5094 profectis
1024 5019 1071 5086 ut,

110 5114 206 5192 quum
227 5099 316 5164 visus
343 5107 428 5165 esset
455 5097 648 5181 quibusdam
670 5097 829 5164 Calvinus
859 5097 1071 5163 consubstan-

112 5182 232 5247 nationi
252 5184 402 5250 nonnihil
422 5185 548 5262 favere,
582 5182 621 5248 de
641 5183 805 5249 communi
826 5183 861 5248 in
884 5204 922 5248 ea
944 5203 980 5248 re
1002 5203 1070 5246 om-
1206 5163 1236 5284 {l
1253 5160 1520 5286 ‘lfflfffffficf‘l‘l
1538 5175 1604 5218 ⁷⁶⁰⁶·

112 5265 198 5331 nium
220 5269 460 5336 Helvetioarum
484 5269 693 5336 ecelesiarum
710 5289 904 5345 consensum
921 5268 1070 5334 omnibus
1206 5301 1223 5354 3
1253 5249 1330 5370 iffi
1342 5270 1586 5354 senatus‘edictum
1603 5297 1741 5367 (emm)

113 5349 251 5434 liqueret.
292 5356 406 5440 Neque
438 5377 514 5422 vero
546 5355 676 5421 difficile
708 5355 797 5421 factu
827 5355 890 5421 fuit
916 5363 953 5420 ιιι
986 5355 1071 5420 ιιιιοι
1206 5371 1223 5424 l
1255 5367 1317 5424 cdd.
1335 5369 1505 5424 dominicum.
