4848 6120
337 410 402 473 163
1126 401 1370 470 vfluouoat
1391 403 1543 472 BEZAD
2277 407 2332 469 164

337 593 430 660 tariis
452 613 533 677 pure
555 598 589 658 et
609 597 698 660 caste
718 589 856 658 verbum
877 589 981 674 ipsius
1006 591 1245 676 praedicarem,
1280 599 1313 657 et
1362 592 1533 676 negotium
1554 591 1713 672 futurum,
1735 591 1929 675 praesertim
1950 591 2006 658 ubi
2028 592 2095 657 aeri
2116 591 2223 658 alieno
2241 592 2331 658 satis·

338 678 480 746 fideliter
517 700 645 746 sacram
683 678 787 762 ipsius
829 678 1026 760 scripturam
1066 678 1310 760 interpretarer.
1361 679 1482 744 factum
1506 679 1577 757 erit,
1600 679 1691 744 cuius
1712 677 1761 744 rei
1782 679 1949 762 negotium
1983 677 2158 760 diligenter
2179 675 2333 744 mandavi

338 765 456 832 'festor
486 765 586 831 etiam
619 785 656 830 ac
687 763 856 848 profiteor,
895 785 948 828 me
985 763 1021 828 in
1051 763 1312 829 contentionibus
1361 762 1468 828 eidem
1490 764 1585 830 fratri
1607 785 1688 842 meo,
1722 764 1814 831 cuius
1836 763 1913 829 fidei
1934 769 1968 828 et
1989 761 2236 829 benevolentiae
2259 785 2331 828 oon·

338 857 372 917 et
393 849 669 935 disputationibus
686 847 846 926 omnibus,
867 869 951 932 quae
968 848 1051 913 mihi
1068 870 1143 914 cum
1162 842 1311 915 hostibus
1361 848 1441 915 fido:
1476 870 1541 934 qua
1563 848 1603 914 de
1624 869 1722 916 causa
1741 849 1836 914 illum
1859 870 1930 915 esse
1951 849 2026 914 volo
2047 869 2084 914 ao
2105 856 2214 914 statuo
2236 847 2333 916 huius
2413 853 2414 864 ¹

336 935 499 1021 evangelii
516 934 685 1002 habendae
702 935 846 1012 fuerunt,
869 934 969 1000 nullis
991 933 1186 1018 praestigiis,
1209 933 1311 1000 nullis
1361 935 1426 1000 mei
1458 936 1646 1001 testamenti
1683 942 1944 1018 exsequutorem,
1985 955 2114 1016 unaque
2151 956 2225 1000 cum
2265 935 2333 1018 ipso

336 1021 433 1088 malis
454 1021 579 1087 artibus
601 1029 634 1087 et
655 1018 841 1104 sophisticis
863 1041 962 1084 usum
985 1040 1072 1099 esse,
1095 1018 1152 1086 sed
1174 1017 1310 1086 candide
1360 1029 1543 1104 spectatum
1575 1021 1683 1087 virum
1711 1021 1930 1088 Laurentium
1959 1018 2197 1085 Normendium
2226 1031 2332 1104 potes

337 1129 375 1174 ac
396 1109 521 1174 sincme
543 1110 578 1172 in
599 1107 740 1174 veritate
769 1104 1006 1190 propugnanda
1034 1114 1199 1171 versatum
1229 1125 1308 1170 esse.
1361 1113 1463 1171 tatem
1485 1106 1552 1171 illis
1573 1107 1768 1190 permittens
1789 1105 1981 1172 conficiendi
2008 1103 2166 1171 bonorum
2187 1127 2333 1172 meorum

335 1189 473 1275 Verum,
494 1191 550 1258 hei
571 1191 668 1272 mihi,
698 1189 844 1260 studium
865 1189 947 1256 illud
970 1213 1079 1256 meum
1102 1201 1135 1257 et
1155 1191 1244 1257 aelus
1267 1190 1310 1276 (si
1359 1191 1584 1258 inventarium
1611 1192 1683 1257 sine
1718 1192 1917 1258 accuratiore
1950 1191 2071 1256 forensi
2098 1188 2270 1275 diligentia
2299 1212 2333 1258 ae

335 1279 397 1344 hoc
419 1278 551 1344 nominc
574 1277 695 1362 dignus
717 1278 782 1360 est)
804 1276 884 1342 adeo
906 1277 1062 1342 remissus
1084 1283 1118 1342 et
1134 1275 1310 1361 languidus
1360 1277 1570 1344 solennitate:
1593 1277 1746 1360 permitto
1769 1278 1868 1342 etiam
1900 1277 1981 1360 ipsis
2004 1275 2148 1342 vendere
2170 1298 2244 1343 mea
2266 1299 2332 1342 mo

334 1363 406 1442 fuit,
428 1373 466 1430 ut
487 1365 661 1430 innumera
689 1363 772 1428 mihi
799 1362 840 1428 ad
869 1381 988 1428 munus
1009 1383 1120 1428 meum
1143 1362 1310 1446 praeclare
1360 1363 1453 1442 bilia,
1483 1371 1521 1429 ut
1549 1386 1591 1428 ex
1618 1365 1758 1447 pecunia
1783 1362 1917 1430 redacta
1944 1363 2203 1446 suprascriptam
2225 1383 2332 1429 meam

334 1449 540 1534 fungendum
570 1449 711 1514 defuisse
737 1449 857 1528 fatear,
887 1468 939 1526 ao,
972 1447 1037 1512 nisi
1063 1449 1223 1514 immensa
1244 1446 1309 1512 Dei
1359 1448 1562 1514 voluntatem
1592 1456 1831 1532 exsequantur,
1864 1469 1962 1531 quam
1992 1450 2128 1530 exposui
2157 1459 2190 1514 ct
2211 1447 2332 1515 dictavi

330 1535 519 1618 benignitas
553 1533 727 1611 adfuisset,
762 1540 868 1598 totum
901 1533 984 1599 illud
1017 1533 1164 1599 studium
1197 1555 1307 1598 meum
1360 1533 1421 1600 hoo
1431 1544 1515 1600 XXV.
1526 1534 1650 1618 Aprilis
1661 1533 1722 1612 die,
1736 1537 1833 1599 Anno
1844 1543 1997 1598 MDLXIV.
2008 1533 2150 1600 Ioannes
2161 1533 2331 1600 Calvinus

330 1622 431 1688 inane
459 1628 558 1704 atque
580 1619 756 1685 evanidum
785 1619 934 1684 futurum
961 1617 1078 1697 fuisse,
1107 1619 1307 1702 quinetiam
1444 1621 1663 1703 Posteaquam
1694 1640 1753 1700 ego
1786 1617 1992 1702 supradictus
2014 1620 2162 1686 notarius
2184 1621 2332 1703 superius

329 1725 483 1792 agnosco,
500 1705 565 1772 nisi
585 1705 667 1770 mihi
685 1705 798 1770 eadem
816 1705 1003 1789 benignitas
1020 1704 1186 1785 adfuisset,
1204 1705 1308 1770 animi
1358 1711 1592 1772 testamentum
1614 1705 1738 1788 scripsi,
1761 1704 1916 1770 continuo
1934 1705 2021 1769 idem
2035 1703 2192 1771 Oalvinus
2210 1707 2332 1771 usitata

326 1793 424 1870 bona,
447 1813 531 1875 quae
553 1791 637 1856 mihi
657 1791 749 1856 Deus
771 1791 911 1874 largitus
932 1798 990 1868 est,
1013 1792 1119 1874 magis
1142 1812 1179 1856 ac
1201 1791 1306 1872 magis
1358 1790 1595 1875 subscriptione
1617 1813 1677 1856 sua
1699 1800 1732 1856 et
1759 1789 1979 1873 chirographo
2010 1789 2093 1854 illud
2115 1791 2330 1857 confinnmit.
2413 1791 2414 1860 i

328 1899 382 1944 me
405 1878 519 1960 culpae
541 1885 637 1960 atque
660 1877 811 1960 ignaviae
844 1897 938 1942 reum
961 1876 1048 1960 apud
1071 1877 1141 1941 eius
1164 1875 1307 1940 tribunal
1357 1877 1494 1942 Postero
1527 1877 1588 1956 die,
1621 1877 1676 1959 qui
1708 1875 1772 1942 fuit
1793 1885 1884 1941 xxvl
1905 1875 2031 1960 Aprilis
2067 1875 2212 1942 eiusdem
2245 1877 2331 1958 anni,

329 1965 457 2031 lactura
479 1963 593 2029 luisse:
616 1982 697 2046 quas
720 1962 761 2027 cb
783 1983 836 2028 res
858 1969 962 2027 testor
984 1982 1021 2027 ao
1043 1963 1206 2044 profiteor,
1230 1961 1305 2026 nul·
1357 1961 1443 2027 idem
1466 1971 1630 2046 spectatus
1653 1963 1706 2028 vir
1728 1961 1886 2028 Calvinus
1907 1982 1960 2026 me
1983 1961 2024 2024 ad
2046 1982 2082 2026 ee
2100 1963 2210 2028 vocari
2226 1963 2330 2040 iussit,
2413 2007 2414 2034 ι

329 2048 399 2115 lum
428 2071 480 2114 mc
503 2047 591 2114 aliud
614 2047 812 2130 praesidium
843 2047 958 2113 salutis
981 2067 1129 2130 sperare,
1160 2046 1225 2112 nisi
1245 2047 1306 2112 hoc
1357 2069 1488 2131 unaque
1519 2067 1647 2113 mecum
1681 2045 1889 2112 Theodorum
1922 2047 2062 2124 Benam,
2095 2047 2332 2132 Raymundum
2413 2047 2414 2122 ζ

329 2155 569 2218 enumquam
590 2131 683 2198 Deus
705 2141 799 2216 pater
821 2131 1062 2198 misericordiae
1085 2133 1144 2212 sit,
1178 2141 1214 2197 ut
1235 2153 1306 2198 sese
1358 2133 1543 2213 Oalvetum,
1566 2132 1762 2198 Michaelsm
1786 2132 1924 2215 Oepum,
1948 2133 2155 2198 Ludovicum
2174 2135 2330 2210 Enocum,

330 2220 421 2299 mihi,
445 2219 502 2302 qui
524 2241 577 2284 me
598 2219 756 2284 miserum
779 2225 981 2302 peccatorem
1005 2237 1157 2303 agnosco,
1179 2226 1306 2301 patrem
1357 2219 1530 2285 Nicolaum
1552 2218 1785 2292 Celadonium,
1808 2216 1962 2282 Iacobum
1985 2217 2195 2298 Bordesium,
2217 2221 2331 2284 minis-
2413 2217 2414 2244 ¹

330 2303 490 2372 ostendat.
534 2303 632 2386 Quod
655 2305 817 2388 reliquum
839 2313 904 2380 est,
936 2303 1010 2368 volo
1040 2313 1114 2387 post
1136 2323 1245 2368 meum
1266 2325 1307 2368 ex
1358 2313 1426 2368 tros
1453 2313 1487 2368 et
1514 2307 1757 2370 concionatores
1786 2302 1878 2368 verbi
1899 2301 2034 2367 Domini
2056 2304 2091 2366 in
2115 2304 2176 2370 hac
2198 2305 2332 2371 ccclesia

330 2392 393 2458 hac
417 2393 485 2456 vita
513 2390 706 2470 discessum,
734 2409 851 2472 corpus
882 2410 990 2454 meum
1021 2397 1130 2455 terrae
1158 2388 1306 2453 mandari
1359 2389 1564 2466 Geuevensi,
1607 2390 1750 2471 itemque
1789 2395 1971 2472 spectatum
2011 2388 2118 2454 virum
2150 2389 2332 2456 Heuricum

330 2497 370 2544 eo
399 2477 466 2542 ritu
493 2496 531 2542 aa
559 2476 675 2553 modo,
708 2477 763 2559 qui
790 2475 827 2540 in
855 2474 917 2540 hao
947 2475 1082 2540 ecclesia
1112 2483 1146 2540 et
1174 2475 1307 2540 civitate
1359 2473 1584 2558 Sorimgcrum
1606 2475 1820 2557 professorem
1843 2473 1979 2552 artium,
2002 2473 2091 2540 cives
2113 2475 2332 2556 Genevenses,

331 2562 474 2628 usitatus
491 2567 552 2640 est,
576 2561 653 2626 dum
671 2559 785 2626 beatae
802 2560 1050 2626 resurrectionis
1062 2557 1131 2625 dies
1143 2559 1305 2626 adveniat.
1359 2571 1523 2625 eteorum
1546 2560 1587 2626 iis
1608 2558 1759 2624 omnibus
1781 2557 2159 2640 professusactestatus
2180 2569 2239 2640 est,
2262 2581 2331 2628 sese
2413 2603 2414 2630 ι

332 2647 501 2730 Quantum
541 2646 583 2711 ad
623 2653 723 2711 tenne
761 2645 1053 2728 patrimonium,¹)
1100 2644 1186 2728 quod
1224 2645 1307 2710 mihi
1360 2645 1441 2709 mihi
1471 2652 1701 2710 testamentum
1730 2643 1812 2708 illud
1839 2665 1934 2708 sirum
1962 2665 2000 2709 ea
2021 2645 2126 2710 forma
2148 2665 2212 2730 qua
2232 2668 2331 2730 supra

330 2731 423 2799 Deus
450 2732 589 2818 largitus
616 2739 667 2797 est
693 2731 733 2797 de
762 2752 826 2813 quo
848 2731 884 2795 in
901 2731 964 2796 hoc
985 2737 1182 2795 testamento
1200 2729 1307 2814 dispo·
1359 2732 1578 2814 oonscriptum
1607 2739 1657 2796 est
1679 2730 1834 2807 dictasse,
1862 2729 2025 2813 simulque
2051 2752 2105 2795 me
2132 2733 2229 2798 iussit
2251 2732 2330 2798 illud
2413 2763 2414 2766 ¹

330 2839 410 2884 nere
436 2819 554 2898 statui,
586 2818 702 2883 haeres
730 2837 822 2882 meus
851 2824 920 2881 esto
942 2815 1109 2881 Antonius
1132 2815 1306 2895 Calvinus,
1358 2817 1439 2898 ipsis
1460 2815 1669 2881 audientibus
1697 2821 1731 2880 et
1751 2836 1789 2880 ea
1811 2816 1851 2880 de
1872 2835 1970 2880 causa
1992 2813 2158 2882 advocatis
2179 2819 2329 2884 recitare:

329 2904 434 2970 frater
469 2925 562 2969 meus
596 2906 656 2985 [fol.
685 2913 749 2967 1111.
781 2905 811 2980 1]
844 2901 1047 2976 carissimus,
1081 2900 1138 2968 scd
1174 2901 1307 2966 honoris
1360 2900 1447 2984 quod
1468 2923 1522 2966 me
1548 2902 1636 2967 clara
1659 2921 1737 2966 voce
1764 2909 1797 2965 et
1825 2900 1996 2966 articulate
2026 2899 2139 2968 fecisse
2162 2906 2329 2986 profiteor:
2413 2957 2414 2960 ι

330 3010 431 3056 causa
452 2987 628 3054 duntaxat:
662 2987 900 3071 praecipitoque
933 3005 971 3051 ac
992 2987 1056 3052 sibi
1077 2985 1195 3052 habeto
1217 2995 1307 3069 pate·
1359 2987 1406 3052 Et
1427 2986 1611 3070 postillam
1634 2985 1857 3052 recitationem
1879 2994 2019 3052 testatus
2040 2997 2092 3052 est
2113 3009 2151 3054 ao
2167 2989 2331 3072 professus

330 3095 404 3141 ram
422 3083 622 3158 argenteam,
644 3071 827 3156 quaemihi
845 3071 1046 3137 aVarannio
1058 3070 1143 3138 dono
1154 3071 1231 3138 data
1249 3081 1307 3152 est,
1360 3091 1433 3137 eam
1444 3093 1515 3138 esse
1533 3093 1625 3138 suam
1644 3071 1795 3136 ultimam
1814 3071 2017 3137 voluntatem
2029 3092 2128 3155 quam
2140 3083 2248 3140 ratam
2262 3095 2330 3142 esse

331 3181 494 3244 quaeum
522 3166 714 3225 contentum
743 3179 813 3222 esse
842 3155 947 3239 cupio.
981 3156 1069 3222 Nam
1098 3178 1308 3242 quaeeunque
1360 3158 1485 3241 cupiat,
1514 3159 1548 3223 in
1570 3157 1665 3224 cuius
1685 3157 1734 3222 rei
1755 3157 1977 3222 testimonium
2000 3163 2033 3222 et
2054 3160 2330 3226 confirmationem
2413 3181 2414 3184 ¹

201 3263 207 3276 ·
330 3247 366 3310 in
388 3243 591 3310 haeredit-ato
612 3265 686 3309 mea
707 3241 833 3324 reliqua
853 3250 941 3321 sunt,
962 3249 1037 3326 peto
1055 3242 1096 3308 ab
1121 3263 1159 3308 eo
1176 3243 1308 3326 eiusque
1360 3244 1453 3326 petiit
1485 3243 1525 3308 ab
1557 3243 1624 3307 illis
1651 3243 1801 3308 omnibus
1829 3251 1867 3308 ut
1888 3241 1994 3308 eidem
2015 3252 2211 3311 testamento
2233 3267 2331 3311 manu

332 3329 407 3396 fidei
425 3331 608 3408 committo,
636 3335 676 3394 ut
697 3349 735 3393 ea
757 3328 825 3393 suis
847 3326 975 3406 liberis,
1010 3349 1112 3412 quum
1134 3329 1308 3407 morietur,
1361 3348 1421 3393 sua
1463 3327 1717 3395 subscriberent:
1766 3327 1852 3411 quod
1894 3327 2050 3394 continuo
2088 3328 2129 3394 ab
2170 3331 2236 3396 illis
2268 3333 2331 3397 fao-

332 3415 495 3482 restituat.
551 3413 603 3480 Ab
635 3413 749 3480 eodem
775 3415 877 3478 fratre
906 3421 939 3477 et
967 3413 1107 3479 haerede
1134 3435 1207 3479 meo
1235 3415 1310 3497 lego
1361 3427 1431 3479 tum
1465 3423 1515 3480 est
1543 3433 1630 3478 auno
1657 3421 1691 3478 et
1717 3433 1830 3478 mense
1856 3413 2086 3497 suprascriptis
2114 3415 2270 3484 Genavae
2297 3419 2330 3481 in

333 3501 464 3567 scholae
489 3501 609 3584 puerili
637 3501 749 3566 decem
778 3520 894 3564 aureos
920 3507 1081 3566 scutatos:
1114 3499 1315 3564 tantundem
1360 3501 1432 3567 vico
1456 3499 1553 3584 vulgo
1576 3499 1662 3564 dicto
1684 3497 1934 3578 Oanonioorum,
1957 3508 1990 3564 et
2011 3501 2045 3564 in
2068 3500 2213 3567 eiusdem
2234 3513 2329 3568 testa·

333 3587 531 3671 pauperibus
559 3587 754 3671 peregrinis:
789 3585 986 3650 tantundem
1013 3584 1137 3670 pariter
1165 3585 1310 3650 Ioannes
1361 3585 1442 3651 toris
1472 3584 1642 3651 domicilio.
1687 3583 1729 3648 In
1752 3585 1844 3650 cuius
1865 3584 1913 3649 rei
1935 3584 2033 3649 fidem
2056 3596 2089 3650 ct
2110 3590 2329 3654 testimonium

334 3673 445 3739 Oaroli
468 3672 604 3739 Goetani
628 3681 661 3736 et
683 3673 790 3736 affinis
812 3691 906 3735 meae
927 3671 1022 3736 filiae.
1061 3669 1207 3738 Samucli
1230 3691 1309 3736 vero
1360 3671 1583 3754 supradictum
1615 3677 1846 3736 testamcutum
1880 3671 2012 3753 scripsi,
2059 3679 2093 3736 et
2125 3695 2226 3739 manu
2260 3695 2329 3740 mea

334 3769 368 3824 et
388 3759 505 3824 Ioanni
529 3757 674 3823 eiusdem
697 3757 808 3822 fratris
836 3757 902 3821 mei
923 3757 1001 3822 filiis
1023 3757 1149 3821 restitui
1174 3756 1246 3820 volo
1268 3757 1308 3822 ab
1360 3756 1539 3840 subscripsi
1571 3764 1605 3820 et
1636 3755 1758 3822 usitato
1798 3755 1905 3840 sigillo
1938 3758 2084 3838 supremi
2116 3759 2328 3842 Magistratus

334 3844 476 3910 haerede
498 3865 585 3923 meo,
612 3865 710 3926 quum
745 3842 917 3916 morietur,
946 3843 1170 3924 quadragenos
1192 3863 1308 3908 aureos
1359 3843 1464 3908 nostri
1485 3841 1667 3926 obsignavi.

334 3939 493 3995 scutatos:
536 3933 655 3994 Annae
681 3949 760 3992 vero
792 3937 826 3992 et
847 3925 1022 3993 Susannae
1048 3941 1083 3992 et
1110 3925 1308 4006 Dorotheae,
1356 3949 1359 3956 ·

334 4016 479 4081 eiusdem
513 4014 642 4080 filiabus
670 4035 788 4079 aurcos
821 4023 965 4078 scutatos
996 4013 1151 4080 tricenos:
1186 4015 1309 4080 Davidi

333 4103 479 4185 ipsorum
500 4101 594 4166 fratri
617 4099 658 4165 ad
679 4109 791 4164 notam
813 4099 957 4166 levitatis
979 4107 1013 4164 et
1034 4099 1231 4182 petulantiae
1257 4101 1308 4165 iu·

336 4187 453 4253 venilia
484 4195 627 4252 scutatos
659 4205 775 4251 aureos
808 4185 954 4268 quinque
982 4197 1015 4248 et
1044 4185 1171 4269 viginti.
1215 4185 1309 4251 Haec
1444 4185 1519 4250 Hoc
1539 4182 1669 4249 condito
1691 4191 1886 4251 testamento
1909 4185 1998 4250 misit
2019 4187 2073 4270 qui
2096 4195 2236 4272 quatuor
2255 4209 2325 4274 syn·

335 4293 465 4337 summa
497 4281 548 4336 est
569 4272 670 4336 totius
700 4271 888 4354 patrimonii
916 4277 950 4335 et
979 4270 1152 4348 bonorum,
1185 4274 1308 4354 quael)
1360 4272 1440 4338 dicis
1461 4271 1648 4352 cunctisque
1670 4270 1876 4336 senatoribus
1895 4272 2126 4420 significarent,
2149 4295 2268 4357 cupere
2284 4293 2324 4352 se,

334 4357 418 4421 mihi
440 4358 530 4422 Deus
553 4357 690 4440 largitus
711 4367 770 4434 est,
793 4367 952 4440 quantum
970 4356 1102 4438 quidem
1121 4357 1309 4422 existimare
1360 4367 1571 4439 antequame
1594 4355 1678 4420 vivis
1700 4356 1879 4436 excederet,
1902 4378 1920 4421 a
1945 4358 2008 4424 huo
2026 4359 2126 4424 semel
2145 4379 2200 4424 eos
2218 4379 2325 4424 omnes

334 4464 475 4528 possum,
494 4445 636 4526 pretium
655 4450 801 4507 statuens
818 4451 851 4506 et
868 4442 1081 4507 bibliothecae
1096 4451 1130 4506 et
1141 4441 1308 4507 mobilium
1359 4445 1396 4508 in
1417 4443 1508 4510 ouria
1529 4441 1739 4522 compellare,
1773 4464 1835 4525 quo
1857 4443 2014 4526 postridie
2035 4465 2070 4510 se
2092 4445 2324 4528 deportandum

336 4535 369 4593 et
388 4529 533 4594 universi
553 4527 763 4592 instrumenti
782 4528 949 4594 domestici
966 4549 1076 4592 rerum
1099 4549 1139 4594 ue
1157 4547 1195 4592 ac
1211 4528 1309 4594 facul·
1359 4535 1515 4612 speraret.
1545 4526 1800 4609 Responderunt
1816 4535 1992 4605 senatores,
2014 4550 2050 4594 se
2072 4533 2179 4612 potius
2197 4532 2237 4596 ad
2255 4551 2324 4595 eum

335 4623 442 4678 tatum
464 4635 611 4678 mearum
632 4613 789 4679 omnium.
834 4611 931 4694 Quod
961 4614 989 4678 si
1018 4549 1098 4696 quid
1124 4613 1209 4679 forte
1239 4633 1309 4678 am·
1360 4623 1525 4690 venturos,
1548 4621 1769 4696 rogaruntque
1789 4621 1826 4678 ut
1849 4635 1927 4680 suae
1949 4614 2148 4681 valetudinis
2170 4619 2323 4682 rationem

335 4699 422 4784 plius
444 4699 635 4782 reperiatur,
657 4699 731 4764 volo
753 4699 786 4763 id
809 4719 869 4782 pro
891 4707 962 4763 rata
983 4698 1048 4764 illis
1070 4698 1220 4764 omnibus
1243 4699 1309 4763 fra·
1360 4700 1503 4766 haberet.
1547 4697 1709 4764 Postridie
1738 4719 1839 4782 quum
1868 4699 2013 4765 adeum
2043 4721 2158 4767 omnes
2190 4725 2209 4767 e
2239 4701 2325 4767 cuna

336 4785 397 4850 tris
419 4785 483 4848 mei
505 4784 581 4849 liliis
604 4805 641 4850 ac
663 4783 790 4850 filiabus
817 4783 985 4863 distribui,
1018 4805 1124 4868 neque
1146 4784 1308 4851 Davidem
1360 4786 1528 4852 venissent
1549 4795 1662 4848 mutuo
1684 4783 1760 4848 data
1781 4797 1977 4869 acceptaque
2004 4786 2124 4866 salute,
2157 4797 2322 4871 postquam

335 4869 430 4935 illum
460 4868 614 4949 excludo,
647 4869 675 4936 si
708 4891 767 4952 pro
789 4870 853 4935 Dei
888 4871 1087 4955 benignitate
1120 4870 1162 4936 ad
1192 4871 1308 4936 bonam
1360 4873 1492 4938 veniam
1520 4871 1666 4952 petiisset
1696 4867 1745 4956 [D
1768 4868 1803 4957 2]
1832 4871 1918 4953 quod
1948 4871 1988 4936 ad
2017 4871 2126 4954 ipsum
2148 4894 2250 4957 usque
2271 4893 2324 4936 ve-

336 4955 464 5040 frugem
493 4955 635 5021 redierit.
672 4953 739 5021 Sed
762 4955 789 5021 si
812 4955 889 5040 quid
911 4957 982 5034 erit,
1005 4955 1091 5040 quod
1110 4958 1310 5040 suprascrip·
1360 4957 1494 5034 nissent,
1517 4976 1617 5038 quum
1638 4955 1699 5020 sibi
1720 4955 1830 5038 potius
1852 4955 1894 5022 ad
1915 4977 1970 5021 eos
1989 4957 2206 5024 accedendum
2233 4967 2323 5033 esset,

337 5049 405 5106 tam
432 5062 594 5108 summam
623 5051 790 5116 excurret,
823 5040 918 5107 credo
947 5063 1014 5106 non
1035 5062 1194 5126 magnum
1215 5043 1249 5107 in
1272 5064 1310 5108 eo
1361 5055 1394 5108 et
1416 5041 1581 5125 praefatus
1602 5041 1667 5104 iam
1690 5039 1816 5124 pridem
1845 5042 1906 5107 hoo
1935 5063 2010 5108 oum
2031 5045 2111 5128 ipsis
2132 5045 2322 5128 colloquium

1360 5127 1577 5212 expetivisse,
1608 5127 1695 5208 quod
1728 5134 1839 5192 tamen
1860 5148 2001 5210 eousque
2023 5128 2217 5211 distulisset,
2249 5129 2321 5194 dum

426 5247 437 5298 1
470 5253 564 5299 mu„
582 5247 724 5299 mm„
742 5263 809 5314 qm,
827 5261 893 5300 m,
1360 5214 1458 5299 paulo
1481 5211 1601 5278 certius
1622 5213 1749 5277 exitum
1767 5233 1862 5278 suum
1880 5214 2110 5296 praesentiret:
2148 5217 2221 5301 Ego
2241 5235 2322 5292 vero,

422 5315 439 5367 2
469 5315 588 5369 omnium
605 5315 763 5368 acutarum
781 5331 850 5384 quaa
867 5313 1014 5368 mihiDenr
1032 5315 1152 5370 interris
1168 5314 1307 5384 (sordem)
1360 5299 1483 5384 inquit,
1515 5296 1696 5364 honorandi
1723 5297 1873 5377 Domini,
1905 5300 2055 5382 ingentes
2081 5303 2176 5369 vobis
2207 5301 2322 5387 gratim

1892 3980 2011 4047 Petrus
2033 3981 2245 4049 Chenalatus.
