4848 6120
101 413 153 476 166
910 411 1024 480 VInA
1045 413 1249 482 OALVINI.
2022 421 2084 486 166

99 618 167 682 ago,
202 595 283 679 quod
315 617 370 662 me
402 598 499 684 plane
531 596 617 666 nihil
649 599 809 666 eiusmodi
840 601 1055 684 promeritum
1106 602 1215 688 potius
1248 623 1322 669 enm
1355 601 1457 668 animi
1490 602 1685 670 demissione
1718 605 1841 689 gratias
1875 605 1972 690 agite.
2023 605 2085 673 Sin

98 684 185 750 666616
195 681 345 748 6116616616
362 683 551 762 honoribus,
573 707 728 770 measque
744 687 1056 770 plurimasinfirmi·
1106 687 1246 754 adversa
1286 686 1377 755 vobis
1417 688 1610 768 acciderint,
1655 688 1801 774 adeoque
1839 711 1899 756 vos
1939 690 2086 776 undique

98 781 171 835 66666
188 777 250 833 tam
273 768 436 850 patienter
455 791 552 854 saepe
569 771 742 852 tolerastis,
765 772 851 856 qnod
873 775 1056 839 maximum
1107 781 1229 840 mortes
1263 774 1557 853 circumsteterint,
1591 789 1720 858 sperate
1756 783 1866 841 tamen
1898 777 1932 842 in
1963 798 2000 863 eo
2027 779 2084 861 qui

98 874 212 937 semper
232 853 320 937 apud
343 858 476 922 meluit
495 859 675 923 vestraein
691 879 745 924 me
762 858 940 942 singularis
958 860 1055 925 bene·
1105 867 1252 926 mortuos
1274 861 1371 924 etiam
1395 861 1524 925 excitat.
1569 860 1641 926 Imo
1663 867 1742 926 tuno
1770 862 1915 928 maxime
1941 862 2084 948 cogitate

98 939 244 1008 661666166
272 953 513 1024 argumentum.
557 943 603 1008 Et
630 944 782 1026 quamvis
811 944 892 1008 mihi
920 965 1056 1010 munere
1106 945 1223 1012 616666
1236 946 1340 1012 61166
1359 947 1574 1031 expergefieri
1592 955 1629 1010 ut
1647 947 1683 1012 in
1702 968 1778 1012 eum
1796 969 1900 1013 unum
1918 949 2080 1032 respicere

97 1047 160 1090 meo
179 1024 369 1109 defungenti
392 1029 482 1094 varia
513 1028 684 1094 subeunda
705 1029 884 1096 certamina
907 1029 1056 1114 variique
1105 1031 1530 1115 magisaomagisdiecatis.
1559 1030 1657 1112 Quod
1672 1033 1699 1098 si
1710 1033 1841 1098 firmam
1851 1032 1938 1100 16666
1948 1055 2081 1117 666666·

98 1109 266 1178 6666166611
288 1111 410 1178 1666166
431 1113 589 1192 16661666,
623 1113 710 1198 6661
732 1115 779 1182 616
801 1122 949 1198 oporteat
971 1117 1055 1198 opti-
1106 1117 1225 1184 blicam
1247 1118 1433 1183 conservari
1455 1118 1581 1200 cupitis,
1604 1119 1711 1184 videte
1728 1119 1829 1183 etiam
1853 1126 1950 1202 atque
1973 1120 2081 1200 661666,

97 1217 176 1262 mum
196 1197 294 1262 etiam
312 1218 475 1282 quemque
492 1202 646 1278 exerceri,
670 1201 858 1267 eciotamen
870 1211 1056 1286 stagnosoo
1106 1223 1149 1269 ne
1170 1203 1287 1268 solium
1308 1201 1396 1268 istud
1417 1211 1569 1269 sanctum
1590 1204 1626 1267 in
1653 1223 1718 1287 quo
1740 1224 1797 1270 vos
1817 1203 1874 1269 illc
1903 1204 2081 1284 6611666616,

96 1281 171 1347 nihil
189 1283 326 1348 istorum
351 1297 462 1350 vestra
483 1284 579 1368 eulpa
600 1285 765 1352 accidisse.
801 1287 924 1353 Precor
945 1297 1056 1352 autem
1106 1289 1257 1354 sordibus
1279 1296 1520 1370 conspureetur.
1560 1289 1625 1354 Hic
1647 1289 1735 1354 enim
1757 1311 1842 1356 unns
1864 1299 1914 1356 est
1935 1311 2083 1356 summus

96 1389 147 1433 vos
178 1367 388 1434 vehementer
420 1381 475 1450 nt,
507 1371 536 1434 si
568 1391 780 1456 quaecunque
811 1373 958 1456 oportuit
989 1394 1055 1438 non
1106 1375 1208 1450 Deus,
1230 1395 1291 1439 rex
1313 1395 1438 1458 regum,
1471 1387 1505 1438 et
1522 1373 1728 1440 dominorum
1752 1376 1899 1442 omnium
1921 1375 2081 1452 dominus,

96 1453 246 1602 qraestiti,
286 1455 466 1522 voluntatis
499 1476 590 1521 meae
622 1459 730 1540 potius
762 1478 860 1542 quam
892 1459 1056 1525 facultatis
1106 1479 1203 1526 cosa
1234 1459 1351 1542 quibus
1374 1460 1587 1525 honorabitur
1609 1459 1787 1526 honoribus
1819 1466 2019 1526 actuturua*
2048 1471 2082 1526 66

116 1539 230 1604 abeatis
251 1540 423 1607 rationem.
466 1540 554 1606 Illud
576 1541 666 1607 enim
690 1565 765 1608 6666
787 1565 920 1626 possum
942 1545 1056 1612 testari
1107 1546 1158 1610 661
1179 1546 1324 1611 vicissim
1358 1553 1596 1628 contemptores
1619 1546 1815 1612 abiecturus.
1859 1545 1960 1612 Hunc
1981 1547 2083 1630 igitur

97 1625 182 1690 inisse
210 1646 262 1689 me
289 1627 488 1710 reipublicae
515 1636 644 1694 vestrae
672 1649 714 1694 ex
743 1631 851 1694 animo
873 1629 1055 1696 studiosum
1107 1651 1150 1696 cx
1171 1630 1275 1713 ipsius
1295 1632 1481 1716 praeceptis
1502 1630 1612 1710 colite,
1646 1641 1680 1696 et
1701 1633 1763 1698 1666
1790 1629 1831 1696 16
1852 1651 1888 1696 66
1916 1633 2022 1716 magis
2044 1651 2082 1696 66

97 1721 131 1786 et,
150 1719 186 1774 66
205 1710 311 1776 officio
332 1733 405 1778 meo
426 1713 521 1795 plene
543 1735 611 1778 non
633 1715 695 1780 sim
713 1714 895 1794 deiunctae,
918 1715 1056 1798 66611616
1107 1717 1213 1800 magis
1234 1717 1386 1800 cogitate.
1429 1715 1570 1800 Semper
1589 1717 1678 1782 enim
1701 1717 1741 1782 ab
1764 1737 1801 1780 eo
1823 1716 2002 1801 plurimum
2025 1717 2082 1782 ab·

97 1796 215 1878 quidem
236 1807 323 1862 certe
345 1797 524 1864 commodis
552 1819 612 1881 pro
633 1800 721 1866 virili
743 1799 917 1866 studuisse.
958 1801 1056 1882 Quod
1107 1823 1221 1868 sumus
1243 1801 1327 1885 quod
1350 1822 1370 1866 a
1391 1801 1485 1868 nobis
1506 1804 1618 1885 perfici
1636 1803 1752 1868 decuit.
1786 1802 1873 1869 Novi
1891 1823 1952 1886 ego
1969 1803 2082 1887 singn-

95 1881 125 1946 ui
144 1903 365 1966 agnoscerem,
389 1884 568 1950 Dominum
591 1887 733 1952 vicissim
763 1907 863 1970 opera
891 1887 1056 1953 interdum
1107 1889 1215 1953 lorum
1237 1888 1370 1972 ingenia
1398 1895 1431 1952 66
1453 1907 1576 1965 mores,
1610 1895 1644 1952 66
1670 1889 1737 1954 6616
1766 1908 1826 1954 666
1854 1887 2082 1955 exhortatione

97 1968 136 2031 nti
155 1988 227 2033 mea
247 1988 313 2033 non
335 1969 498 2035 inutiliter
519 1971 669 2050 voluisse,
703 1971 972 2038 dissimulationis
994 1974 1057 2040 cri·
1108 1994 1211 2056 egere.
1256 1973 1361 2038 Nemo
1394 1981 1444 2038 est
1476 1994 1517 2038 ex
1539 1973 1580 2040 iis
1613 1975 1709 2038 etiam
1743 1973 1799 2057 qui
1830 1973 1998 2040 excellunt
2028 1976 2083 2040 661

96 2073 163 2118 men
184 2074 248 2119 non
271 2053 461 2139 effugerem.
507 2055 575 2122 Sed
597 2057 659 2122 hoc
681 2078 701 2122 a
722 2059 813 2124 66616
835 2060 934 2124 etiam
958 2065 1057 2144 atque
1107 2059 1213 2124 multa
1234 2079 1300 2124 non
1323 2059 1438 2124 desint.
1484 2059 1550 2124 Η16
1579 2059 1801 2142 unusquisque
1830 2080 1865 2125 se
1891 2061 1999 2142 ipsum
2020 2061 2082 2124 cir·

96 2140 184 2203 etiam
214 2149 304 2222 peto,
336 2151 375 2206 ut
403 2143 648 2208 excusationem
676 2144 762 2226 apud
792 2164 850 2210 vos
879 2143 1056 2223 inveniam,
1107 2145 1311 2228 cumspiciat,
1332 2155 1365 2208 et
1386 2165 1468 2228 quae
1490 2145 1553 2210 sibi
1575 2145 1686 2211 deesse
1718 2143 1876 2229 intelligit
1897 2165 1917 2210 a
1941 2145 2083 2210 Domino

96 2225 172 2307 quod
197 2233 262 2290 tam
289 2227 411 2308 exigna
439 2227 507 2292 sint
533 2248 743 2312 quaecunque
764 2227 968 2312 6661166661
990 2231 1058 2313 pri-
1107 2231 1262 2315 requirat.
1317 2227 1477 2295 Videmus
1509 2237 1589 2312 quot
1620 2230 1702 2296 vitia
1732 2229 1768 2294 16
1801 2229 1964 2313 plerisque
1995 2229 2083 2296 orbis

96 2311 186 2376 vatim
206 2312 370 2396 praestiti,
403 2333 483 2395 prae
511 2314 552 2378 iis
580 2335 663 2396 quae
691 2335 787 2379 amc
807 2315 880 2380 fieri
903 2316 1057 2398 oportuit.
1107 2325 1270 2382 terrarum
1293 2315 1437 2382 conciliis
1458 2323 1611 2399 regnent.
1652 2315 1719 2380 Alii
1748 2315 1870 2399 frigent
1890 2314 2082 2399 publicoque

96 2396 180 2462 Ultro
200 2407 286 2462 66666
308 2417 465 2480 agnosco,
498 2419 552 2464 me
573 2401 665 2465 vobis
694 2399 755 2466 hoo
776 2421 904 2483 quoque
927 2402 1058 2468 nomine
1107 2403 1256 2486 neglecto
1273 2401 1371 2468 rebus
1389 2400 1459 2466 suis
1476 2400 1627 2466 curandis
1644 2401 1849 2479 incumbunt,
1871 2401 1927 2465 alii
1944 2401 2084 2484 privatis

96 2482 261 2564 plurimum
283 2482 417 2559 debere,
450 2484 535 2566 quod
563 2485 803 2550 vehementiam
836 2486 927 2550 illam
949 2507 1057 2552 meam
1107 2489 1278 2554 affectibus
1304 2486 1492 2572 indulgent,
1523 2487 1578 2550 alii
1606 2486 1783 2570 praeclaris
1804 2487 1868 2552 Dei
1896 2487 1990 2552 donis
2016 2507 2083 2552 non

96 2567 248 2633 interdum
269 2568 518 2634 immoderatam
541 2591 645 2653 aequo
669 2571 780 2636 animo
802 2571 938 2638 tulistis:
973 2592 1057 2656 6666
1107 2580 1249 2640 6666666
1269 2582 1308 2639 66
1336 2593 1397 2658 666
1425 2581 1512 2648 erat,
1545 2571 1601 2636 alii
1628 2592 1698 2637 sese
1726 2578 1894 2638 ostentant
1921 2579 1955 2636 et
1982 2573 2082 2638 eonii·

96 2667 216 2738 peecata
236 2673 311 2719 mea
337 2655 464 2720 confido
492 2655 574 2720 mihi
596 2677 616 2720 a
637 2655 709 2720 Deo
741 2677 867 2740 quoque
887 2659 959 2740 ipso
980 2679 1056 2724 con·
1107 2658 1220 2726 dantia
1250 2657 1390 2743 quadam
1423 2663 1482 2738 [fot
1505 2667 1568 2722 1111.
1592 2662 1625 2736 a]
1660 2654 1817 2740 quidquid
1844 2660 2032 2722 6666666166
2062 2677 2083 2722 6

97 2737 212 2806 donata.
245 2741 422 2804 (laetarum
444 2740 531 2823 qnod
549 2740 590 2806 ad
608 2741 787 2807 doctrinam
807 2743 935 2823 attinet,
958 2764 1056 2826 quam
1107 2745 1242 2828 reliquis
1263 2743 1393 2826 probari
1415 2741 1591 2824 postulant.
1629 2739 1733 2808 86666
1755 2741 2016 2820 commonefacio,
2039 2763 2082 2807 66
2194 2810 2196 2814 ,

97 2845 130 2890 ex
150 2847 199 2891 me
221 2825 369 2903 audistis,
393 2835 496 2891 testor
512 2847 566 2892 me
584 2847 651 2892 non
669 2839 791 2892 temere
808 2850 915 2911 66666
931 2831 1056 2894 incerto
1106 2830 1290 2896 iunioribus
1316 2827 1502 2907 invideant,
1531 2846 1613 2910 quos
1642 2847 1662 2891 a
1690 2827 1835 2892 Domino
1863 2827 2082 2909 compererint

96 2911 144 2976 661
164 2933 242 2994 pure
264 2933 303 2978 ac
324 2911 450 2977 sincere
472 2912 609 2978 verbnm
631 2911 695 2978 Dei
723 2913 805 2978 mibi
834 2914 1056 2980 concreditum
1108 2915 1270 2999 aliquibus
1291 2913 1385 2979 donis
1406 2933 1477 2980 esse
1498 2919 1685 2978 exornatos.
1724 2912 1874 2978 Iuniores
1894 2932 2019 2994 moneo,
2041 2919 2082 2978 ut

97 2997 239 3078 debuisse,
262 2997 356 3062 cuius
377 2999 459 3062 iram
483 2999 605 3082 alioqui
626 3005 695 3062 tam
716 2998 833 3064 aeirem
857 3000 935 3066 hnic
956 2999 1056 3083 666161
1107 3001 1220 3084 procul
1248 2999 1289 3065 66
1318 2999 1407 3065 omni
1436 2997 1576 3064 elatione
1605 3017 1676 3064 sese
1702 2997 1866 3064 modestos
1892 2997 2080 3082 praebeant.

97 3103 158 3148 meo
177 3083 309 3149 iamiam
332 3083 519 3163 imminere,
548 3104 648 3166 qnam
674 3099 785 3151 certus
814 3105 887 3150 sum
909 3105 999 3151 meos
1020 3086 1055 3150 in
1108 3087 1203 3153 Alius
1240 3085 1342 3152 alium
1380 3104 1424 3150 ne
1462 3083 1689 3150 interturbato.
1743 3084 1856 3150 Vitate
1895 3083 2082 3150 simultates

97 3167 226 3234 docendo
254 3168 384 3233 1666666
412 3169 442 3233 61
476 3189 542 3233 666
565 3167 793 3251 116611661666..
822 3170 925 3254 11666
947 3190 1056 3236 coram
1107 3181 1141 3238 et
1172 3193 1284 3238 ornnes
1314 3169 1389 3236 illas
1421 3170 1523 3234 animi
1555 3169 1765 3249 acerbitates,
1797 3189 1880 3252 6666
1901 3169 2022 3234 multos
2043 3169 2079 3233 in

98 3251 158 3318 Deo
184 3265 217 3320 et
238 3253 331 3321 vobis
358 3275 396 3319 oo
424 3253 580 3319 libentius
606 3256 778 3333 testificor,
812 3255 898 3340 quod
920 3257 1056 3322 minime
1107 3257 1251 3343 gerenda
1272 3256 1569 3342 republioaareoto
1591 3256 1742 3320 instituto
1763 3263 1964 3322 averterunt
1986 3254 2081 3322 Η666

97 3339 227 3406 dubitem
249 3339 407 3406 Saturam
429 3351 527 3424 prout
547 3343 717 3406 consuevit
745 3342 925 3426 improbos,
954 3343 1054 3421 leves,
1106 3353 1217 3410 autem
1239 3343 1399 3422 vitabitis,
1422 3341 1451 3408 61
1473 3341 1595 3424 singuli
1622 3339 1752 3424 quidam
1781 3343 1871 3406 intra
1891 3361 1987 3406 sunm
2009 3361 2080 3406 mo-

97 3425 300 3510 vertiginoeos
323 3427 462 3508 denique
483 3426 632 3492 homines
655 3428 928 3512 corrumpendae,
958 3449 1054 3511 qnam
1108 3429 1220 3495 dulnm
1259 3449 1330 3493 sese
1362 3428 1598 3506 continuerint,
1638 3447 1753 3492 omnes
1786 3447 1863 3491 vero
1898 3426 1983 3491 bona
2013 3425 2081 3491 fide

97 3531 132 3574 ex
161 3533 209 3578 me
238 3512 428 3588 audivistis,
460 3511 606 3577 siccome
638 3513 805 3580 doctrinae
826 3516 1054 3579 excitaturum.
1106 3515 1310 3580 commissam
1355 3513 1418 3578 sibi
1450 3511 1648 3598 reipublicae
1679 3519 1807 3596 partem
1840 3511 2079 3576 administrent.

97 3595 169 3662 1616
189 3597 340 3682 delapsus
360 3597 401 3661 ad
423 3597 584 3664 immensa
606 3599 663 3663 illa
690 3598 861 3676 beneficia,
890 3599 1006 3682 quibus
1036 3621 1056 3664 a
1106 3601 1147 3666 In
1169 3619 1341 3664 causarum
1364 3598 1510 3664 civilium
1532 3617 1611 3662 vcro
1640 3597 1769 3663 iudiciis
1791 3617 1832 3662 ne
1854 3598 1926 3680 quis
1947 3597 1999 3674 sit,
2021 3597 2079 3662 ob·

96 3681 224 3748 Domino
245 3683 352 3750 affecti
375 3683 520 3749 fuerant:
565 3685 648 3768 Ego,
670 3706 740 3768 ego,
763 3687 884 3768 inquit,
913 3687 1054 3768 optimus
1106 3704 1210 3766 secro,
1244 3685 1348 3749 favori
1378 3683 1433 3748 vel
1460 3683 1642 3749 inimicitiis
1671 3684 1776 3748 locus:
1809 3702 1907 3748 nemo
1939 3680 2079 3764 obliquis

97 3789 160 3832 snm
180 3771 280 3848 testis,
305 3779 382 3854 quot
402 3771 593 3853 quantisque
615 3771 768 3853 periculis
779 3771 904 3854 Optimi
917 3772 1056 3836 Maximi
1105 3772 1229 3836 artibus
1250 3769 1303 3834 ins
1326 3769 1501 3852 pervetito,
1533 3789 1630 3833 nemo
1653 3769 1719 3834 suis
1741 3765 2079 3834 commendationibus

97 3853 284 3922 Daimonos
307 3878 365 3922 vos
388 3856 556 3920 exemerit.
601 3855 729 3922 Videtis
750 3877 861 3939 porro,
895 3877 959 3940 quo
986 3858 1054 3922 loco
1105 3877 1169 3938 quo
1190 3857 1301 3920 minus
1322 3853 1412 3938 leges
1433 3854 1565 3918 valeant
1585 3853 1748 3932 obsistite,
1782 3875 1879 3919 nemo
1910 3853 1951 3918 ab
1973 3874 2078 3936 aequo

97 3939 167 4004 sitis.
208 3942 287 4008 8166
309 3943 412 4026 igitur
434 3940 595 4006 secundae
618 3964 669 4008 res
693 3955 820 4008 vestrae
843 3944 965 4007 fuerint
985 3943 1054 4007 sive
1105 3951 1139 4006 et
1160 3941 1245 4006 bono
1267 3939 1430 4006 discedito.
1475 3939 1513 4004 Si
1535 3958 1632 4021 quem
1654 3939 1791 4006 affectus
1811 3940 1944 4005 sinister
1963 3940 2077 4004 titilla-

97 4023 255 4105 adversac,
286 4027 370 4094 11161
396 4045 515 4110 quaeso
537 4027 631 4094 vobis
652 4029 694 4093 ob
716 4028 826 4094 oculos
849 4048 977 4112 semper
998 4026 1054 4092 ob·
1106 4027 1199 4106 verit,
1233 4035 1422 4093 constanter
1450 4023 1480 4088 ei
1509 4025 1668 4104 resistito,
1702 4033 1736 4090 et
1763 4025 1798 4090 in
1825 4045 1901 4090 eum
1929 4025 2080 4108 respicito

98 4127 243 4191 versetur,
279 4115 372 4180 illum
400 4134 503 4178 unum
533 4133 604 4179 esse
632 4115 688 4197 qui
715 4135 819 4197 regna
846 4123 880 4178 et
907 4113 1055 4179 civitates
1106 4133 1210 4196 aquo
1232 4111 1295 4176 fuit
1315 4111 1351 4174 in
1374 4129 1412 4175 eo
1434 4110 1515 4176 solio
1533 4109 1719 4190 collocatus,
1742 4119 1775 4175 et
1793 4109 1833 4174 ab
1852 4109 1966 4175 eodem
1985 4129 2080 4176 sano·

98 4197 227 4264 stabiliat
247 4221 349 4285 eoque
371 4200 503 4264 nomine
526 4198 585 4264 coli
604 4221 624 4264 6
644 4199 837 4266 mortalibus
859 4199 945 4263 velit.
981 4199 1054 4263 Me·
1105 4207 1174 4263 tum
1198 4198 1348 4281 spiritum
1367 4195 1539 4278 postulato.
1575 4194 1671 4277 Quod
1693 4203 1843 4279 superest
1863 4196 1982 4260 iterum
2005 4215 2080 4279 pre·

97 4281 243 4352 mineritis
274 4307 431 4370 magnum
460 4285 555 4351 illum
582 4286 746 4352 Davidem
774 4285 886 4350 testari
915 4305 951 4349 se
983 4293 1055 4349 tum
1105 4305 1161 4351 eor
1182 4292 1219 4348 66
1241 4303 1331 4348 meas
1353 4282 1434 4347 mihi
1463 4283 1672 4348 infirmitates
1704 4281 1894 4348 condonetis
1915 4302 1996 4364 quas
2018 4301 2080 4366 ego

98 4367 267 4452 prolapsum
287 4393 368 4450 esse,
391 4393 490 4456 quum
509 4371 658 4436 alteiam
677 4391 755 4453 6666
776 4369 947 4450 frueretur,
971 4391 1055 4434 nun·
1106 4390 1216 4438 coram
1237 4368 1304 4434 Deo
1326 4375 1360 4433 ot
1388 4368 1513 4452 angelis
1541 4366 1685 4450 adeoque
1712 4387 1820 4434 coram
1844 4365 1949 4444 66616,
1980 4385 2080 4433 6666·

98 4473 180 4535 quam
213 4467 300 4522 certe
332 4469 573 4534 surrecturum,
618 4458 680 4522 nisi
714 4455 876 4521 Dominus
911 4455 1055 4520 bonitate
1107 4455 1203 4520 randi
1226 4454 1374 4533 Domini,
1403 4455 1560 4536 profiteor
1586 4459 1620 4517 et
1647 4473 1796 4536 agnosco.
1841 4452 1933 4517 Haec
1955 4450 2012 4516 ubi
2034 4451 2080 4516 di-

98 4539 240 4624 singolari
273 4565 334 4610 sua
367 4563 502 4608 manum
535 4543 563 4606 61
592 4541 798 4626 porrexisset.
843 4539 932 4622 Quid
954 4542 1056 4626 igitur
1106 4543 1218 4620 xissat,
1242 4541 1350 4606 Deum
1373 4537 1547 4621 Optimum
1568 4539 1754 4603 Maximum
1775 4546 1941 4622 precatus,
1964 4544 2003 4602 ut
2024 4557 2080 4604 eos

98 4627 220 4695 tantillis
242 4630 450 4696 homunculis
473 4630 545 4709 fiet,
572 4649 674 4712 quum
703 4627 759 4692 ille
788 4640 855 4692 tam
886 4634 1000 4710 potens
1022 4635 1057 4693 66
1107 4630 1175 4693 6616
1209 4626 1302 4692 donis
1333 4626 1439 4708 magis
1467 4644 1505 4690 ao
1537 4625 1642 4708 magis
1674 4623 1857 4690 cumulatos
1886 4630 1998 4690 sancto
2019 4641 2078 4688 suo

98 4709 176 4779 fortis
197 4715 370 4782 6661166161
400 4715 527 4798 Nempe
555 4733 675 4798 magna
697 4713 789 4780 vobis
812 4713 914 4778 animi
936 4713 1055 4779 demis·
1107 4713 1227 4796 spiritu
1260 4708 1302 4777 ad
1335 4711 1433 4776 totius
1466 4709 1664 4792 reipublicae
1696 4709 1837 4775 salntem
1869 4708 2077 4793 gubernaret,

98 4797 174 4864 sione
195 4823 277 4883 opus
296 4811 356 4881 est,
379 4811 416 4866 ut
437 4821 558 4884 magna
579 4821 654 4866 cum
674 4799 738 4865 Dei
759 4800 945 4865 reverentia
967 4799 1055 4866 solli·
1106 4799 1253 4882 praebita
1281 4795 1419 4879 singulis
1451 4793 1567 4860 dextra
1593 4801 1735 4862 moestos
1763 4814 1877 4860 omnes
1898 4793 1984 4874 illos,
2017 4813 2078 4893 neo

98 4885 150 4950 oite
174 4889 349 4960 incedatis,
381 4887 536 4970 illiusque
568 4887 667 4951 nnius
700 4885 860 4968 praesidio
892 4885 1055 4965 nitamini,
1106 4884 1201 4949 aliter
1223 4882 1264 4949 ab
1286 4901 1323 4947 eo
1344 4901 1442 4964 quam
1460 4900 1480 4944 a
1496 4881 1662 4947 communi
1679 4887 1814 4963 parente
1831 4899 1905 4946 cum
1923 4878 2078 4964 lacrymis

98 4977 164 5038 certi
184 4977 341 5040 nimirum
362 4974 410 5038 ita
437 4975 585 5038 futurum
614 4982 664 5052 ut,
691 4971 777 5055 quod
804 4979 871 5036 tam
894 4991 992 5056 saepe
1019 4991 1056 5035 re
1107 4969 1309 5036 discedentes
1332 4966 1463 5032 dimisit.

98 5059 157 5140 ipsa
172 5061 327 5136 sensistis,
348 5061 437 5126 firmi
452 5057 542 5124 illius
558 5078 620 5141 ope
637 5058 799 5141 perstetis,
820 5057 947 5123 etiamsi
965 5056 1058 5123 66166
1974 5132 1982 5146 ·
2027 5133 2034 5148 ·

99 5166 131 5210 ex
157 5149 243 5212 tenui
274 5146 330 5211 filo
357 5167 514 5228 suspensa
535 5151 647 5210 vestra
674 5143 763 5210 salus
788 5153 821 5208 et
848 5143 1055 5208 incolumitas
1191 5140 1256 5206 Die
1276 5148 1395 5206 mm
1418 5136 1467 5226 [D
1489 5135 1523 5226 3]
1548 5137 1671 5220 Aprilis
1699 5155 1800 5221 quum
1828 5154 1941 5233 omnes
1972 5153 2076 5216 rparus

99 5229 192 5298 166616.
233 5232 350 5316 Itaque
372 5233 401 5297 si
423 5251 579 5314 prospera
599 5230 693 5296 66616
721 5229 907 5308 evenerint,
941 5235 1055 5295 cavete
1107 5233 1221 5311 rogatu
1242 5224 1449 5292 Genevensis
1477 5223 1609 5289 ditionis
1630 5222 1773 5289 ministri
1794 5239 2074 5288 eonvennaemus:

99 5335 203 5398 quaeso
230 5341 271 5386 66
298 5317 510 5402 proauorum
539 5317 644 5382 instar
672 5314 870 5394 efferamini,
903 5314 961 5382 sed
982 5315 1055 5382 Deo
1107 5314 1154 5378 At
1175 5332 1243 5392 vos,
1266 5309 1381 5393 inquit,
1404 5311 1536 5388 6666666,
1563 5317 1636 5392 6666
1656 5308 1777 5374 obitum
1800 5327 1912 5462 nilqum
1933 5310 2076 5390 perstate
