4848 6120
307 387 367 450 139
1115 377 1359 444 ΤΗΕΟΒΟΒΙ
1388 377 1538 443 ΒΕΖΔΕ
2244 386 2302 448 140

304 579 426 638 tratum
450 568 608 635 Calvinus
630 565 714 632 nihil
736 571 786 630 est
804 571 958 631 moratus.
1000 565 1148 632 Vocatur
1169 574 1279 631 tamen
1331 568 1421 632 ouria
1438 567 1557 632 coactis
1568 566 1727 632 Diacosiis
1738 565 1912 634 deventum
1934 576 1992 650 est,
2015 576 2053 634 ut
2073 589 2177 652 paene
2193 591 2304 637 exsar-

304 659 361 724 ille
382 657 418 720 in
438 655 500 732 ius,
524 653 718 738 cognitaque
740 671 838 717 causa
859 673 900 716 ex
923 651 1206 718 senatusconsulto
1229 654 1278 717 in·
1331 653 1459 718 tisiam
1484 647 1618 718 ensibus
1639 673 1755 736 parum
1779 655 1919 720 abfuerit
1940 657 2019 739 quin
2046 657 2170 721 mutuis
2198 658 2302 722 caedi-

305 744 422 810 famiae
440 741 623 816 damnatur,
646 737 874 820 coniunctique
892 737 957 800 duo
975 736 1023 801 illi
1042 737 1115 802 falsi
1133 752 1279 820 pastores
1331 739 1391 803 bus
1424 739 1548 804 curiam
1582 739 1687 821 ipsam
1720 749 1947 806 cruentarent:
1982 761 2079 824 quam
2113 741 2302 808 seditionem

305 835 575 900 exauctorantur,
608 826 742 908 ipsaque
774 823 854 887 adeo
881 822 1051 904 oenopolia
1078 823 1279 888 interdicun·
1331 823 1491 888 Calvinus
1523 845 1599 889 oum
1631 824 1763 908 collegis
1796 847 1834 890 su
1858 827 2031 892 erveniens
2067 829 2214 910 opposito
2252 829 2302 893 iu-

305 925 373 982 tur:
397 921 526 978 tautum
548 912 638 976 abest
659 921 695 974 ut
717 907 877 973 malorum
895 908 1085 991 improbitas
1103 908 1279 991 quidquam
1331 909 1445 992 primis
1468 931 1526 975 suo
1547 910 1650 992 ipsius
1672 911 1778 992 capite
1799 848 1956 990 inhibuit,
1989 933 2175 996 quanquam
2204 915 2302 980 scele-

306 1000 456 1068 valuerit.
1332 1005 1478 1059 ratorum
1513 995 1610 1060 factio
1642 995 1677 1059 in
1710 996 1802 1060 illum
1835 998 2007 1081 praecipue
2042 999 2201 1074 ferretur,
2233 1001 2302 1084 1666

393 1081 490 1166 Quod
523 1089 632 1147 autem
661 1079 849 1146 incendium
881 1079 944 1144 hoc
975 1099 1061 1143 anno
1094 1099 1280 1161 repressum
1332 1080 1547 1146 nihilominus
1590 1101 1704 1145 eorum
1747 1082 1869 1146 scelera
1911 1091 2068 1168 pergente
2111 1087 2302 1167 gravissime

307 1171 414 1238 fuerat
435 1191 473 1234 eo
494 1169 548 1250 qui
571 1167 718 1250 proxime
741 1175 897 1248 sequutus
919 1173 977 1242 est,
1001 1185 1120 1248 nempe
1142 1164 1281 1246 quadra·
1332 1164 1486 1231 detestari
1519 1187 1635 1249 eosque
1668 1167 1861 1250 gravissime
1893 1179 1990 1251 prout
2022 1171 2232 1236 merebantur
2253 1172 2303 1236 in·

308 1258 432 1344 gesimo
464 1255 602 1337 septimo
634 1273 734 1334 supra
767 1249 1106 1334 sesquimillesimum,
1148 1270 1282 1332 prorsus
1332 1271 1474 1334 crepare.

308 1344 425 1428 erupit,
449 1359 509 1404 nec
530 1336 619 1403 aliud
640 1347 768 1420 tempus
789 1357 826 1401 eo
844 1335 973 1400 saeculo
992 1337 1097 1419 magis
1114 1336 1281 1400 calamito-
1418 1339 1531 1419 Neque
1559 1359 1636 1404 vero
1665 1357 1751 1402 vana
1776 1338 1840 1402 fuit
1865 1339 2058 1406 iudiciorum
2088 1340 2152 1405 Dei
2180 1339 2303 1406 denun-

310 1451 382 1496 sum
404 1424 527 1502 incidit,
551 1425 751 1489 Germaniae
768 1421 911 1488 eeclesiis
928 1442 966 1486 66
983 1421 1132 1499 redactis,
1155 1429 1191 1485 ut
1216 1441 1282 1484 una
1333 1423 1437 1488 eiatio.
1478 1423 1646 1506 Siquidem
1669 1423 1781 1506 perid
1803 1437 1933 1510 tempus
1956 1424 2087 1507 quidam
2102 1431 2126 1506 ¹)
2145 1426 2303 1492 famosum

310 1534 384 1580 cum
406 1509 590 1596 proceribus
613 1519 646 1572 et
667 1509 803 1574 urbibus
826 1508 942 1590 partim
966 1527 1036 1572 sese
1054 1507 1139 1572 ultro
1162 1507 1282 1570 deden-

310 1599 407 1678 tibus,
430 1597 548 1682 partim
572 1595 604 1660 vi
626 1596 736 1677 captis,
759 1613 824 1658 uno
842 1601 1007 1658 momento
1025 1597 1173 1658 eversum
1194 1591 1282 1656 vide-

311 1696 403 1752 retur
421 1679 576 1767 quidquid
595 1691 643 1744 tot
660 1681 756 1746 anuis
775 1680 938 1761 tantisque
957 1677 1120 1743 laboribus
1138 1686 1283 1744 exstruc-

311 1780 382 1836 tum
405 1771 528 1846 luerat,
558 1767 650 1848 eique
678 1766 808 1830 demum
839 1763 926 1829 beati
953 1785 972 1828 a
999 1763 1162 1846 plerisque
1185 1764 1283 1829 habe-

310 1867 442 1932 rentur,
472 1853 646 1936 quesistis
673 1851 868 1914 tumultibus
897 1849 1090 1932 tempestiva
1112 1867 1199 1914 mors
1221 1849 1283 1912 eri·

311 1943 445 2026 6616661.
490 1939 553 2004 His
576 1937 713 2020 puhlicis
735 1946 783 2001 tot
812 1936 1022 2000 ecclesiarum
1045 1935 1284 1999 calamitatibus

312 2037 511 2112 quantopere
534 2026 623 2106 pium
645 2021 725 2086 illud
749 2031 860 2105 pectus
882 2021 1061 2086 cruciatum
1084 2021 1284 2085 existimabi-

314 2135 405 2190 mus,
435 2132 502 2180 non
531 2110 626 2174 aliter
654 2109 752 2172 etiam
781 2110 815 2171 in
845 2106 953 2170 media
975 2127 1054 2188 6666
1076 2106 1110 2170 16
1134 2106 1285 2171 ecelesias

312 2197 525 2283 quantumvis
547 2201 687 2259 remotes
710 2194 877 2270 affectum,
900 2212 998 2274 quam
1021 2193 1049 2256 si
1070 2213 1184 2256 omnes
1213 2191 1286 2256 illas

313 2283 458 2351 humeris
492 2280 661 2364 impositas
695 2277 860 2363 gestaret?
905 2277 994 2358 Quid
1028 2277 1128 2343 vero?
1174 2278 1285 2356 Quum

312 2391 457 2438 summos
478 2367 552 2432 illos
574 2365 662 2430 viros
685 2385 764 2448 6666
787 2365 999 2430 amicissimos
1022 2361 1136 2428 habuit
1158 2362 1286 2444 Philip-

315 2477 394 2542 pum
419 2455 497 2532 dico,
521 2453 696 2528 Bueerum,
720 2451 920 2534 Martyrem,
944 2447 1070 2514 videret
1092 2451 1138 2514 ita
1160 2448 1286 2531 pericli-

313 2553 432 2618 tantes,
455 2549 491 2603 ut
512 2538 608 2603 morti
630 2557 726 2620 quam
749 2537 839 2601 vitae
858 2535 1023 2618 propiores
1041 2544 1160 2608 esseut,
1183 2553 1285 2615 quau-

312 2630 356 2693 tis
378 2648 451 2692 eum
475 2623 640 2689 doloribus
666 2623 887 2688 conflictatum
918 2619 1126 2704 putabimus?
1160 2619 1286 2684 Fortis-

316 2715 398 2780 simo
437 2723 547 2776 tamen
591 2709 700 2773 animo
728 2709 916 2774 'Calvinum
959 2714 1169 2788 tempestates
1207 2705 1287 2769 istas

314 2819 499 2884 superasse,
521 2805 592 2860 tum
614 2795 717 2876 ipsius
740 2795 861 2876 scripta
883 2801 1062 2869 testantur,
1093 2799 1164 2855 tum
1187 2792 1286 2854 etiam

314 2908 368 2952 res
389 2887 460 2967 ipsa
481 2879 719 2964 comprobavit,
741 2900 842 2962 quum
870 2877 957 2942 domi
985 2876 1088 2940 multo
1117 2876 1223 2942 acrius
1246 2877 1285 2941 ab

314 2969 472 3054 improbis
496 2975 638 3032 vexatus
663 2985 722 3030 suo
745 2973 855 3028 tamen
877 2984 919 3028 ex
941 2961 997 3026 illo
1021 2961 1125 3046 gradu
1142 2961 1221 3046 ipsis
1243 2983 1286 3027 ne

316 3056 483 3122 tantillum
505 3049 636 3136 quidem
654 3051 796 3116 eeseerit.

400 3141 534 3222 Itaque,
571 3144 610 3199 ut
649 3135 690 3200 ad
729 3135 905 3200 domestica
936 3135 1115 3198 certamina
1147 3132 1286 3213 redeam,

315 3247 415 3311 quum
444 3226 478 3288 in
509 3242 547 3287 eo
576 3231 664 3285 totus
687 3229 789 3298 esset,
820 3229 858 3285 ut
886 3221 1094 3304 evangelium
1124 3218 1207 3300 quod
1230 3239 1287 3283 66-

316 3311 494 3377 nuntiabat
521 3306 708 3373 osteuderet
737 3327 802 3372 non
832 3307 866 3370 in
895 3305 1116 3389 speculatione
1138 3303 1287 3386 quadam,

316 3399 374 3465 sed
408 3397 440 3460 16
473 3397 545 3478 1666
577 3391 757 3457 christiana
790 3393 858 3456 vita
891 3392 1034 3475 positum
1066 3410 1146 3468 esse,
1181 3390 1290 3455 hostes

316 3505 372 3550 eos
391 3480 573 3548 necessario
595 3487 750 3561 expertus
772 3491 831 3555 est,
854 3479 910 3560 qui
931 3477 1020 3542 omni
1042 3476 1154 3559 pietati
1177 3495 1214 3541 ac
1232 3476 1290 3540 ho·

316 3570 453 3648 6661611,
493 3566 555 3649 1661
595 3564 734 3646 1661666
774 3565 901 3646 patriae
937 3563 1059 3629 bellum
1092 3562 1289 3627 indixerant.

317 3656 443 3720 Eorum
465 3659 598 3718 utente
621 3647 763 3714 diximus
790 3649 884 3716 facile
917 3650 1070 3732 princeps
1092 3657 1163 3712 erat
1184 3648 1292 3712 Porri·

317 3761 381 3806 666
402 3740 473 3816 ille,
507 3757 608 3821 quum
635 3757 673 3800 ea
702 3747 773 3800 tum
803 3747 890 3800 esset
916 3744 949 3799 et
977 3735 1066 3799 illiue
1096 3743 1128 3799 et
1158 3753 1291 3798 suorum

1333 1507 1479 1573 libellum
1506 1511 1674 1592 scripsisse
1703 1517 1736 1573 et
1757 1530 1849 1575 sacro
1871 1511 1994 1594 6616116
2015 1509 2169 1577 adfixisse
2191 1510 2302 1594 depre-

1334 1594 1471 1670 hensus,
1505 1595 1540 1658 16
1563 1603 1719 1678 quotum
1749 1595 1813 1660 alia
1833 1595 1938 1660 multa
1967 1596 2093 1661 nefaria
2120 1598 2305 1662 insacrum

1333 1680 1570 1758 ministerium,
1600 1691 1669 1744 tum
1697 1682 1795 1745 etiam
1823 1681 1904 1746 illud
1935 1682 2093 1766 scriptum
2116 1691 2201 1762 erat,
2232 1682 2305 1748 Cal·

1335 1767 1448 1829 vinum
1482 1787 1553 1831 esse
1585 1767 1619 1830 in
1649 1765 1846 1830 Rhodanum
1880 1767 2176 1850 praecipitandum,
2210 1787 2306 1833 causa

1335 1849 1422 1916 dieta
1453 1852 1656 1916 infinitarum
1697 1851 1837 1916 aliarum
1869 1851 2146 1935 blasphemiarum
2178 1862 2306 1936 praeter

1335 1935 1611 2018 exspectationem
1640 1937 1811 2002 convictus
1839 1938 1955 2021 eapitis
1983 1937 2140 2021 supplicio
2173 1940 2307 2004 affectus

1336 2033 1393 2087 661.
1438 2021 1528 2103 Quin
1557 2022 1655 2086 etiam
1684 2031 1759 2104 post
1787 2023 1857 2087 eius
1884 2023 2055 2088 interitum
2084 2025 2241 2090 inventus
2261 2031 2307 2089 661

1336 2107 1464 2172 libellus
1485 2109 1587 2190 ipsius
1609 2129 1710 2172 manu
1733 2107 1891 2173 adversus
1902 2109 2017 2174 Mosen
2038 2109 2209 2192 ipsumque
2230 2109 2306 2174 adeo

1336 2191 1505 2258 Christum
1535 2193 1678 2276 professo
1706 2195 1863 2275 scriptus,
1897 2215 1960 2277 quo
1989 2195 2165 2278 impietatis
2188 2195 2308 2261 scelere

1338 2277 1469 2342 dubium
1498 2300 1562 2342 666
1596 2286 1681 2354 erat,
1715 2280 1793 2360 quin
1823 2279 1904 2344 alios
1933 2279 2032 2344 etiam
2067 2280 2190 2362 aliquot
2229 2281 2306 2344 inle-

1337 2363 1442 2429 oisset.
1478 2363 1618 2446 Scripsit
1640 2371 1750 2428 autem
1771 2363 1833 2428 hoo
1853 2365 1925 2447 1666
1947 2386 2033 2430 6666
2050 2367 2086 2430 16
2107 2365 2225 2430 mediis
2247 2365 2308 2430 illis

1337 2448 1568 2515 certaminibus
1590 2447 1752 2514 Calvinus
1777 2449 1970 2514 Antidotum
1990 2450 2147 2517 adversus
2169 2451 2305 2516 Triden-

1339 2535 1400 2598 tini
1422 2534 1623 2599 conoiliabuli
1646 2535 1805 2598 sessiones
1826 2545 1966 2618 septem:
1989 2537 2132 2619 itemque
2154 2537 2309 2602 Rotoma-

1339 2641 1473 2705 gensem
1505 2619 1674 2685 ecclesiam
1703 2620 1812 2686 missis
1841 2620 1946 2686 literis
1973 2621 2132 2687 adversus
2153 2623 2307 2688 Francis·

1338 2707 1410 2772 caui
1443 2704 1610 2771 cuiusdam
1643 2704 1773 2770 fraudes
1813 2715 2045 2772 renovatorum
2077 2727 2097 2770 a
2128 2707 2308 2772 Libertinis

1338 2793 1545 2874 Oarpoeratis
1568 2811 1716 2857 errorum
1734 2811 1899 2857 venenum
1920 2790 1964 2857 ibi
1986 2793 2171 2877 spargentis
2182 2798 2212 2876 ²)
2236 2813 2308 2860 con·

1338 2877 1492 2943 firmavit.

1426 3052 1525 3115 Auno
1558 3056 1729 3130 sequente,
1767 3049 1801 3112 id
1835 3057 1884 3114 eet
1916 3047 2164 3133 quadragesimo
2198 3057 2310 3115 octavo

1340 3155 1439 3218 supra
1461 3133 1794 3217 sesquimillesimum,
1824 3136 1932 3218 erupit
1960 3135 2104 3200 eiusdem
2134 3135 2226 3203 111166
2248 3136 2309 3202 fao-

1341 3221 1439 3285 tionis
1461 3220 1597 3298 malum,
1627 3221 1668 3284 iis
1690 3219 1792 3302 (quod
1820 3241 1924 3304 paene
1946 3218 2135 3286 incredibile
2156 3222 2223 3306 est)
2246 3240 2310 3285 ma·

1341 3307 1430 3372 xime
1452 3305 1607 3371 abutente
1630 3305 1764 3383 Satana,
1787 3307 1843 3389 qui
1866 3315 1977 3372 tamen
1998 3307 2171 3390 praecipue
2189 3305 2311 3372 mederi

1341 3391 1436 3456 malis
1468 3391 1540 3455 istis
1573 3389 1762 3468 studebant,
1802 3391 1933 3457 Farello
1972 3412 2089 3476 nempe
2122 3401 2155 3457 et
2188 3392 2309 3458 Vireto.

1341 3476 1410 3558 Qui
1431 3477 1564 3541 ineunte
1586 3477 1696 3540 statim
1719 3496 1804 3542 anno
1832 3498 1932 3560 quum
1954 3477 2125 3544 Genavam
2146 3479 2311 3544 venissent

1342 3574 1375 3628 et
1396 3562 1575 3628 orationem
1594 3561 1627 3626 in
1646 3569 1761 3627 senatu
1780 3564 2007 3646 gravissimam
2026 3564 2065 3629 de
2082 3563 2312 3647 componendis
2402 3599 2403 3637 3

1342 3647 1485 3714 dissidiis
1517 3648 1726 3725 habuissent,
1771 3648 1910 3715 Calvino
1943 3649 2075 3732 quidem
2107 3649 2192 3714 nihil
2227 3647 2312 3714 aliud

1342 3755 1439 3818 quam
1472 3733 1732 3798 emendationem
1766 3755 1893 3800 morum
1932 3735 2133 3819 postulante,
2173 3736 2312 3801 Perrino

317 3825 458 3893 conditio
487 3835 523 3888 ut
553 3833 585 3887 et
614 3820 654 3886 ab
683 3821 761 3905 ipsis
791 3831 939 3886 extrema
966 3821 1101 3904 quaevis
1133 3817 1292 3884 tentanda
1343 3842 1420 3886 vcro
1448 3841 1520 3884 cum
1549 3822 1616 3884 6616
1644 3819 1727 3884 nihil
1760 3842 1824 3885 666
1855 3821 2044 3899 simulante,
2073 3829 2112 3886 ut
2138 3821 2311 3905 pristinum

319 3919 498 3987 constaret,
531 3917 564 3974 61
595 3909 734 3991 improbi
762 3917 874 3990 aperte
900 3907 1064 3972 instarent
1090 3913 1128 3970 ut
1154 3905 1290 3970 istorum
1342 3907 1449 3972 locum
1471 3906 1638 3988 reciperet,
1659 3913 1730 3970 tum
1752 3907 1883 3989 quidem
1905 3907 1976 3972 visa
1998 3913 2076 3972 sunt
2096 3907 2207 3972 omnia
2229 3926 2312 3972 eom·

318 3997 466 4063 omnium
488 3995 629 4078 cognitio
644 3999 669 4074 ¹)
690 4015 710 4058 6
729 3993 931 4076 presbyterio
950 3992 991 4058 ad
1008 4001 1159 4056 senatum
1185 4002 1291 4057 trane·
1342 3993 1465 4078 posita,
1494 3991 1550 4057 661
1574 3991 1665 4056 bonis
1688 3993 1767 4056 viris
1798 3994 1985 4077 impositum
2008 3993 2117 4076 potius
2136 3991 2241 4058 fuisse
2263 4010 2311 4056 res

318 4085 468 4150 ferretur.
513 4079 762 4163 Presbyterium
785 4099 826 4144 ex
849 4079 985 4144 adverso
1008 4099 1125 4162 urgere
1150 4079 1291 4144 sancitas
1342 4079 1413 4162 ipsa
1434 4099 1512 4142 mox
1534 4077 1763 4160 comprobarit.
1808 4079 1949 4143 Perrino
1980 4077 2138 4162 siquidem
2161 4079 2311 4143 restituto

319 4168 359 4234 de
392 4168 609 4234 ecelesiastica
638 4165 810 4249 disciplina
838 4165 926 4248 leges
949 4163 1048 4228 verbo
1072 4163 1134 4228 Dei
1156 4184 1291 4229 666666-
1342 4185 1482 4247 6666666
1517 4183 1587 4228 6666
1620 4163 1740 4228 extulit
1772 4163 2004 4229 sceleratorum
2037 4163 2245 4247 improbitas,
2279 4169 2312 4226 ut

318 4261 442 4330 taueas,
465 4254 631 4336 ipsiusque
653 4251 732 4316 adeo
755 4257 888 4316 senatus
910 4271 1004 4333 opem
1027 4249 1216 4332 implorare,
1249 4271 1291 4314 na
1342 4250 1527 4316 thoracibus
1548 4251 1647 4314 etiam
1669 4248 1861 4331 quibusdam
1888 4250 1923 4314 in
1950 4250 2056 4316 erucis
2082 4247 2215 4314 modum
2248 4248 2311 4314 dis·

320 4339 398 4422 quid
422 4338 607 4403 detrimenti
635 4339 795 4420 acciperet
827 4337 971 4402 ecelesia.
1015 4333 1177 4401 Iudicavit
1198 4356 1291 4401 sena·
1342 4337 1447 4412 sectis,
1470 4336 1586 4419 quibus
1604 4355 1675 4398 sese
1686 4345 1800 4400 mutuo
1812 4344 2035 4419 agnoscerent,
2057 4335 2165 4418 palam
2182 4342 2312 4400 uteren-

320 4433 374 4490 166
396 4437 483 4490 ratas
506 4445 576 4490 6666
598 4424 830 4488 ecclesiasticas
852 4421 940 4506 leges
962 4429 1121 4504 oportere,
1147 4421 1291 4504 illudque
1342 4433 1413 4502 tur,
1443 4431 1476 4485 et
1503 4421 1559 4484 alii
1580 4421 1647 4485 suis
1669 4420 1804 4487 canibus
1827 4419 1875 4506 [B
1897 4417 1931 4508 1]
1957 4421 2088 4486 Caluini
2110 4441 2230 4486 nomen
2253 4421 2311 4484 im·

320 4531 358 4575 re
390 4511 461 4593 ipsa
493 4510 707 4575 confirmavit.
763 4511 812 4574 Ac
845 4507 976 4572 tandem
1011 4527 1112 4590 quum
1146 4507 1200 4572 ille
1233 4529 1292 4572 sua
1341 4517 1516 4594 ponerent,
1546 4507 1601 4571 alii
1620 4505 1793 4571 Calvinum
1816 4508 1851 4571 16
1870 4507 2009 4572 Oainum
2032 4505 2310 4582 transformarent,

322 4595 458 4662 audacia
491 4617 562 4661 6666
594 4597 629 4659 16
668 4609 851 4660 extremum
885 4593 1058 4658 discrimen
1092 4594 1291 4672 coniecisset,
1342 4617 1409 4660 non
1432 4593 1527 4676 pauci
1549 4592 1689 4675 denique
1711 4593 1800 4658 illius
1821 4592 1894 4658 odio
1920 4593 2084 4658 abstinere
2115 4613 2150 4657 se
2172 4612 2192 4656 a
2214 4609 2311 4658 coena

321 4683 431 4748 exitus
466 4681 566 4746 totius
598 4681 646 4744 rei
679 4681 708 4746 is
740 4687 810 4744 tum
844 4678 973 4762 quidem
1001 4681 1077 4753 luit,
1111 4689 1147 4742 ut
1175 4691 1291 4744 senatu
1343 4679 1476 4746 Domini
1517 4687 1725 4743 testarentur.
1781 4679 1875 4760 Quae
1908 4679 2018 4744 omnia
2051 4681 2151 4762 quum
2184 4677 2310 4742 fortiter

321 4777 429 4834 motus
452 4768 668 4850 abrogatoque
690 4767 848 4848 capitanei
878 4767 1009 4830 nomine
1031 4766 1179 4847 privatus
1201 4766 1292 4830 vive·
1342 4767 1396 4831 ille
1430 4775 1464 4830 61
1495 4764 1638 4848 collegae
1670 4765 1775 4847 ipsius
1808 4762 2099 4848 reprehenderent,
2134 4763 2255 4830 vocatis
2276 4763 2309 4826 16
2400 4791 2401 4840 6

321 4864 381 4919 ret.
436 4855 528 4918 Haec
561 4863 670 4918 autem
703 4853 826 4931 omnia,
864 4852 925 4916 etsi
957 4870 1064 4916 coram
1098 4852 1291 4935 magistratu
1342 4861 1494 4918 senatum
1524 4849 1603 4915 vicit
1634 4849 1764 4932 quidem
1804 4849 1899 4916 facile
1926 4849 2087 4914 bonorum
2116 4847 2308 4924 1666666116,
2400 4857 2401 4861 ’

322 4940 519 5024 agebantur,
550 4938 613 5004 1161
641 4947 750 5003 tamen
779 4957 845 5002 uon
867 4945 974 5020 potest
995 4945 1193 5020 quantopere
1217 4937 1292 5002 (lal-
1343 4937 1538 5021 tandemque
1582 4944 1683 5000 XVIII.
1716 4937 1888 5002 Decembr.
1932 4936 2061 5001 solenni
2104 4933 2308 5000 iureiurando

322 5027 435 5091 vinum
459 5024 678 5091 exercuerint:
702 5023 860 5106 siquidem
881 5043 1021 5106 eousque
1042 5022 1143 5088 semel
1165 5023 1198 5087 in
1221 5023 1293 5108 ipsa

1430 5228 1444 5280 1
1477 5227 1650 5282 Recenticrce
1666 5224 1788 5280 6116616
1805 5226 1923 5280 Gruetus
1944 5225 2011 5280 ciris
2028 5223 2203 5282 Genereusia

409 5299 437 5369 1)
455 5299 487 5353 de
505 5301 625 5370 ipsorum
641 5297 751 5370 flagitiis
768 5299 887 5368 cognitio
903 5295 991 5365 (Edd.
1010 5298 1089 5366 rece.)
1430 5297 1447 5350 2
1481 5297 1611 5365 Princeps
1627 5296 1710 5350 mole:
1737 5303 1916 5366 spargentem.
