<?xml version="1.0" encoding="UTF-8"?>
<!DOCTYPE html PUBLIC "-//W3C//DTD XHTML 1.0 Transitional//EN"
    "http://www.w3.org/TR/xhtml1/DTD/xhtml1-transitional.dtd">
<html xmlns="http://www.w3.org/1999/xhtml" xml:lang="en" lang="en">
 <head>
  <title>
</title>
<meta http-equiv="Content-Type" content="text/html;charset=utf-8" />
  <meta name='ocr-system' content='tesseract 3.04.00' />
  <meta name='ocr-capabilities' content='ocr_page ocr_carea ocr_par ocr_line ocrx_word'/>
</head>
<body>
  <div class='ocr_page' id='page_1' title='image "./ioanniscalvinio13calvgoog/ioanniscalvinio13calvgoog_0079.png"; bbox 0 0 4848 6120; ppageno 0'>
   <div class='ocr_carea' id='block_1_1' title="bbox 323 443 2314 518">
    <p class='ocr_par' dir='ltr' id='par_1_1' title="bbox 323 443 2314 518">
     <span class='ocr_line' id='line_1_1' title="bbox 323 443 2314 518; baseline -0.007 -1"><span class='ocrx_word' id='word_1_1' title='bbox 323 453 384 518; x_wconf 78' lang='lat'><strong>131</strong></span> <span class='ocrx_word' id='word_1_2' title='bbox 1122 445 1367 514; x_wconf 70' lang='lat' dir='ltr'>THEODORI</span> <span class='ocrx_word' id='word_1_3' title='bbox 1389 445 1535 512; x_wconf 80' lang='lat' dir='ltr'><strong>BEZAE</strong></span> <span class='ocrx_word' id='word_1_4' title='bbox 2260 443 2314 506; x_wconf 75' lang='lat'><strong>132</strong></span> 
     </span>
    </p>
   </div>
   <div class='ocr_carea' id='block_1_2' title="bbox 244 628 2412 3976">
    <p class='ocr_par' dir='ltr' id='par_1_2' title="bbox 244 628 2320 2602">
     <span class='ocr_line' id='line_1_2' title="bbox 323 628 2314 720; baseline -0.001 -18"><span class='ocrx_word' id='word_1_5' title='bbox 323 635 456 702; x_wconf 88' lang='lat' dir='ltr'><strong>demum</strong></span> <span class='ocrx_word' id='word_1_6' title='bbox 478 635 513 700; x_wconf 91' lang='lat' dir='ltr'><strong>in</strong></span> <span class='ocrx_word' id='word_1_7' title='bbox 535 635 714 701; x_wconf 82' lang='lat' dir='ltr'><strong>Oalvinum</strong></span> <span class='ocrx_word' id='word_1_8' title='bbox 736 633 867 698; x_wconf 87' lang='lat' dir='ltr'><strong>intenta</strong></span> <span class='ocrx_word' id='word_1_9' title='bbox 880 631 1095 716; x_wconf 81' lang='lat' dir='ltr'><strong>Argentinam</strong></span> <span class='ocrx_word' id='word_1_10' title='bbox 1118 633 1217 720; x_wconf 90' lang='lat' dir='ltr'><strong>legati</strong></span> <span class='ocrx_word' id='word_1_11' title='bbox 1240 634 1296 700; x_wconf 89' lang='lat' dir='ltr'><strong>ad·</strong></span> <span class='ocrx_word' id='word_1_12' title='bbox 1347 654 1479 712; x_wconf 84' lang='lat' dir='ltr'><strong>vocare,</strong></span> <span class='ocrx_word' id='word_1_13' title='bbox 1519 641 1688 717; x_wconf 87' lang='lat' dir='ltr'><strong>tantopere</strong></span> <span class='ocrx_word' id='word_1_14' title='bbox 1720 631 1871 716; x_wconf 84' lang='lat' dir='ltr'>plurimis</span> <span class='ocrx_word' id='word_1_15' title='bbox 1904 631 2002 696; x_wconf 91' lang='lat' dir='ltr'><strong>etiam</strong></span> <span class='ocrx_word' id='word_1_16' title='bbox 2035 631 2158 698; x_wconf 88' lang='lat' dir='ltr'><strong>exteris</strong></span> <span class='ocrx_word' id='word_1_17' title='bbox 2190 628 2314 715; x_wconf 88' lang='lat' dir='ltr'><strong>populis</strong></span> 
     </span>
     <span class='ocr_line' id='line_1_3' title="bbox 324 716 2314 806; baseline -0.003 -18"><span class='ocrx_word' id='word_1_18' title='bbox 324 723 439 788; x_wconf 88' lang='lat' dir='ltr'><strong>iuncta</strong></span> <span class='ocrx_word' id='word_1_19' title='bbox 456 722 554 788; x_wconf 91' lang='lat' dir='ltr'><strong>etiam</strong></span> <span class='ocrx_word' id='word_1_20' title='bbox 567 721 799 806; x_wconf 72' lang='lat' dir='ltr'>Tigurinorum</span> <span class='ocrx_word' id='word_1_21' title='bbox 818 718 1051 784; x_wconf 80' lang='lat' dir='ltr'><strong>intercessione</strong></span> <span class='ocrx_word' id='word_1_22' title='bbox 1068 720 1247 788; x_wconf 89' lang='lat' dir='ltr'><strong>mittuntur</strong></span> <span class='ocrx_word' id='word_1_23' title='bbox 1260 724 1296 804; x_wconf 88' lang='lat'><strong>¹),</strong></span> <span class='ocrx_word' id='word_1_24' title='bbox 1347 719 1530 805; x_wconf 87' lang='lat' dir='ltr'><strong>probatum,</strong></span> <span class='ocrx_word' id='word_1_25' title='bbox 1553 727 1591 784; x_wconf 90' lang='lat' dir='ltr'><strong>ut</strong></span> <span class='ocrx_word' id='word_1_26' title='bbox 1612 739 1678 784; x_wconf 92' lang='lat' dir='ltr'><strong>uon</strong></span> <span class='ocrx_word' id='word_1_27' title='bbox 1700 717 1796 784; x_wconf 92' lang='lat' dir='ltr'><strong>modo</strong></span> <span class='ocrx_word' id='word_1_28' title='bbox 1819 716 2003 784; x_wconf 86' lang='lat' dir='ltr'><strong>vernaculis</strong></span> <span class='ocrx_word' id='word_1_29' title='bbox 2020 716 2171 802; x_wconf 84' lang='lat' dir='ltr'><strong>plurimis</strong></span> <span class='ocrx_word' id='word_1_30' title='bbox 2189 719 2314 804; x_wconf 77' lang='lat' dir='ltr'><strong>linguis,</strong></span> 
     </span>
     <span class='ocr_line' id='line_1_4' title="bbox 324 802 2314 892; baseline -0.001 -20"><span class='ocrx_word' id='word_1_31' title='bbox 324 809 382 892; x_wconf 93' lang='lat' dir='ltr'><strong>qui</strong></span> <span class='ocrx_word' id='word_1_32' title='bbox 405 808 445 872; x_wconf 88' lang='lat' dir='ltr'><strong>ab</strong></span> <span class='ocrx_word' id='word_1_33' title='bbox 465 805 758 892; x_wconf 86' lang='lat' dir='ltr'><strong>Argentinensibus</strong></span> <span class='ocrx_word' id='word_1_34' title='bbox 775 804 952 870; x_wconf 80' lang='lat' dir='ltr'><strong>Calvinum</strong></span> <span class='ocrx_word' id='word_1_35' title='bbox 974 813 1132 888; x_wconf 80' lang='lat' dir='ltr'><strong>repetant.</strong></span> <span class='ocrx_word' id='word_1_36' title='bbox 1166 809 1296 892; x_wconf 83' lang='lat' dir='ltr'><strong>Argen·</strong></span> <span class='ocrx_word' id='word_1_37' title='bbox 1347 814 1459 888; x_wconf 87' lang='lat' dir='ltr'><strong>utpote</strong></span> <span class='ocrx_word' id='word_1_38' title='bbox 1481 805 1696 882; x_wconf 84' lang='lat' dir='ltr'><strong>Germanica,</strong></span> <span class='ocrx_word' id='word_1_39' title='bbox 1724 803 1880 888; x_wconf 86' lang='lat' dir='ltr'><strong>Anglica,</strong></span> <span class='ocrx_word' id='word_1_40' title='bbox 1903 802 2047 882; x_wconf 84' lang='lat' dir='ltr'><strong>Scotica,</strong></span> <span class='ocrx_word' id='word_1_41' title='bbox 2070 803 2217 888; x_wconf 79' lang='lat' dir='ltr'><strong>Belgica,</strong></span> <span class='ocrx_word' id='word_1_42' title='bbox 2239 807 2314 876; x_wconf 86' lang='lat' dir='ltr'><strong>His·</strong></span> 
     </span>
     <span class='ocr_line' id='line_1_5' title="bbox 324 889 2315 977; baseline 0.002 -19"><span class='ocrx_word' id='word_1_43' title='bbox 324 895 470 958; x_wconf 89' lang='lat' dir='ltr'><strong>tinenses</strong></span> <span class='ocrx_word' id='word_1_44' title='bbox 492 891 648 976; x_wconf 82' lang='lat' dir='ltr'><strong>praebent</strong></span> <span class='ocrx_word' id='word_1_45' title='bbox 669 913 704 958; x_wconf 91' lang='lat' dir='ltr'><strong>se</strong></span> <span class='ocrx_word' id='word_1_46' title='bbox 722 889 878 956; x_wconf 87' lang='lat' dir='ltr'><strong>difficiles.</strong></span> <span class='ocrx_word' id='word_1_47' title='bbox 914 889 1071 957; x_wconf 80' lang='lat' dir='ltr'><strong>(lalvinus</strong></span> <span class='ocrx_word' id='word_1_48' title='bbox 1092 892 1162 976; x_wconf 91' lang='lat' dir='ltr'><strong>ipse</strong></span> <span class='ocrx_word' id='word_1_49' title='bbox 1184 913 1296 977; x_wconf 90' lang='lat' dir='ltr'><strong>quam·</strong></span> <span class='ocrx_word' id='word_1_50' title='bbox 1346 892 1472 973; x_wconf 80' lang='lat' dir='ltr'><strong>punica,</strong></span> <span class='ocrx_word' id='word_1_51' title='bbox 1494 891 1552 956; x_wconf 91' lang='lat' dir='ltr'><strong>sed</strong></span> <span class='ocrx_word' id='word_1_52' title='bbox 1574 891 1673 956; x_wconf 88' lang='lat' dir='ltr'><strong>etiam</strong></span> <span class='ocrx_word' id='word_1_53' title='bbox 1696 889 1846 955; x_wconf 87' lang='lat' dir='ltr'><strong>hebraice</strong></span> <span class='ocrx_word' id='word_1_54' title='bbox 1869 890 1909 954; x_wconf 91' lang='lat' dir='ltr'><strong>ab</strong></span> <span class='ocrx_word' id='word_1_55' title='bbox 1931 889 2134 955; x_wconf 87' lang='lat' dir='ltr'><strong>Immanuele</strong></span> <span class='ocrx_word' id='word_1_56' title='bbox 2156 891 2315 961; x_wconf 73' lang='lat' dir='ltr'><strong>Tremelio</strong></span> 
     </span>
     <span class='ocr_line' id='line_1_6' title="bbox 324 974 2315 1062; baseline 0.001 -17"><span class='ocrx_word' id='word_1_57' title='bbox 324 979 375 1045; x_wconf 90' lang='lat' dir='ltr'><strong>vis</strong></span> <span class='ocrx_word' id='word_1_58' title='bbox 396 999 478 1062; x_wconf 92' lang='lat' dir='ltr'><strong>quae</strong></span> <span class='ocrx_word' id='word_1_59' title='bbox 506 977 729 1062; x_wconf 90' lang='lat' dir='ltr'><strong>improborum</strong></span> <span class='ocrx_word' id='word_1_60' title='bbox 748 975 953 1060; x_wconf 90' lang='lat' dir='ltr'><strong>quorundam</strong></span> <span class='ocrx_word' id='word_1_61' title='bbox 972 975 1068 1060; x_wconf 86' lang='lat' dir='ltr'><strong>culpa</strong></span> <span class='ocrx_word' id='word_1_62' title='bbox 1097 979 1298 1044; x_wconf 78' lang='lat' dir='ltr'><strong>sustinuerat</strong></span> <span class='ocrx_word' id='word_1_63' title='bbox 1347 976 1469 1042; x_wconf 90' lang='lat' dir='ltr'><strong>Iudaeo</strong></span> <span class='ocrx_word' id='word_1_64' title='bbox 1490 975 1680 1055; x_wconf 89' lang='lat' dir='ltr'><strong>christiano,</strong></span> <span class='ocrx_word' id='word_1_65' title='bbox 1712 983 1745 1041; x_wconf 92' lang='lat' dir='ltr'><strong>et</strong></span> <span class='ocrx_word' id='word_1_66' title='bbox 1773 995 1888 1060; x_wconf 89' lang='lat' dir='ltr'><strong>graece</strong></span> <span class='ocrx_word' id='word_1_67' title='bbox 1918 974 1959 1040; x_wconf 90' lang='lat' dir='ltr'><strong>ab</strong></span> <span class='ocrx_word' id='word_1_68' title='bbox 1980 975 2126 1040; x_wconf 90' lang='lat' dir='ltr'><strong>Hsnrico</strong></span> <span class='ocrx_word' id='word_1_69' title='bbox 2149 975 2315 1060; x_wconf 81' lang='lat' dir='ltr'><strong>Stephano</strong></span> 
     </span>
     <span class='ocr_line' id='line_1_7' title="bbox 323 1060 2316 1149; baseline 0 -18"><span class='ocrx_word' id='word_1_70' title='bbox 323 1065 428 1149; x_wconf 90' lang='lat' dir='ltr'><strong>ipsius</strong></span> <span class='ocrx_word' id='word_1_71' title='bbox 458 1066 492 1130; x_wconf 93' lang='lat' dir='ltr'><strong>in</strong></span> <span class='ocrx_word' id='word_1_72' title='bbox 523 1065 735 1130; x_wconf 82' lang='lat' dir='ltr'><strong>Genevenses</strong></span> <span class='ocrx_word' id='word_1_73' title='bbox 766 1062 911 1127; x_wconf 89' lang='lat' dir='ltr'><strong>animum</strong></span> <span class='ocrx_word' id='word_1_74' title='bbox 940 1062 1024 1127; x_wconf 92' lang='lat' dir='ltr'><strong>nihil</strong></span> <span class='ocrx_word' id='word_1_75' title='bbox 1056 1064 1296 1143; x_wconf 77' lang='lat' dir='ltr'><strong>inmutassent,</strong></span> <span class='ocrx_word' id='word_1_76' title='bbox 1346 1061 1927 1146; x_wconf 84' lang='lat' dir='ltr'><strong>legatnrelegantissimeconversus.</strong></span> <span class='ocrx_word' id='word_1_77' title='bbox 1956 1060 2022 1142; x_wconf 78' lang='lat' dir='ltr'><strong>Qui</strong></span> <span class='ocrx_word' id='word_1_78' title='bbox 2035 1060 2186 1144; x_wconf 88' lang='lat' dir='ltr'><strong>deinceps</strong></span> <span class='ocrx_word' id='word_1_79' title='bbox 2197 1064 2316 1131; x_wconf 90' lang='lat' dir='ltr'><strong>fuerint</strong></span> 
     </span>
     <span class='ocr_line' id='line_1_8' title="bbox 324 1146 2314 1232; baseline -0.001 -15"><span class='ocrx_word' id='word_1_80' title='bbox 324 1159 434 1217; x_wconf 88' lang='lat' dir='ltr'><strong>tamen</strong></span> <span class='ocrx_word' id='word_1_81' title='bbox 457 1149 596 1216; x_wconf 89' lang='lat' dir='ltr'><strong>aturbis</strong></span> <span class='ocrx_word' id='word_1_82' title='bbox 614 1149 803 1225; x_wconf 81' lang='lat' dir='ltr'><strong>abhorrens,</strong></span> <span class='ocrx_word' id='word_1_83' title='bbox 826 1155 860 1212; x_wconf 90' lang='lat' dir='ltr'><strong>et</strong></span> <span class='ocrx_word' id='word_1_84' title='bbox 876 1147 963 1231; x_wconf 91' lang='lat' dir='ltr'><strong>quod</strong></span> <span class='ocrx_word' id='word_1_85' title='bbox 974 1149 1153 1214; x_wconf 91' lang='lat' dir='ltr'><strong>Dominum</strong></span> <span class='ocrx_word' id='word_1_86' title='bbox 1171 1149 1297 1215; x_wconf 88' lang='lat' dir='ltr'><strong>videret</strong></span> <span class='ocrx_word' id='word_1_87' title='bbox 1347 1148 1504 1212; x_wconf 86' lang='lat' dir='ltr'><strong>ordinarii</strong></span> <span class='ocrx_word' id='word_1_88' title='bbox 1524 1149 1594 1213; x_wconf 89' lang='lat' dir='ltr'><strong>eius</strong></span> <span class='ocrx_word' id='word_1_89' title='bbox 1616 1147 1758 1226; x_wconf 86' lang='lat' dir='ltr'><strong>labores,</strong></span> <span class='ocrx_word' id='word_1_90' title='bbox 1788 1169 1830 1212; x_wconf 90' lang='lat' dir='ltr'><strong>ex</strong></span> <span class='ocrx_word' id='word_1_91' title='bbox 1859 1167 1895 1212; x_wconf 89' lang='lat' dir='ltr'><strong>re</strong></span> <span class='ocrx_word' id='word_1_92' title='bbox 1917 1147 1989 1229; x_wconf 90' lang='lat' dir='ltr'><strong>ipsa</strong></span> <span class='ocrx_word' id='word_1_93' title='bbox 2011 1146 2180 1212; x_wconf 86' lang='lat' dir='ltr'><strong>diiudicari</strong></span> <span class='ocrx_word' id='word_1_94' title='bbox 2202 1159 2314 1232; x_wconf 85' lang='lat' dir='ltr'><strong>potest.</strong></span> 
     </span>
     <span class='ocr_line' id='line_1_9' title="bbox 324 1231 2316 1318; baseline -0.001 -16"><span class='ocrx_word' id='word_1_95' title='bbox 324 1235 506 1302; x_wconf 89' lang='lat' dir='ltr'><strong>ministerio</strong></span> <span class='ocrx_word' id='word_1_96' title='bbox 528 1255 586 1302; x_wconf 89' lang='lat' dir='ltr'><strong>suo</strong></span> <span class='ocrx_word' id='word_1_97' title='bbox 616 1234 652 1300; x_wconf 92' lang='lat' dir='ltr'><strong>in</strong></span> <span class='ocrx_word' id='word_1_98' title='bbox 673 1234 908 1318; x_wconf 86' lang='lat' dir='ltr'><strong>Argentinensi</strong></span> <span class='ocrx_word' id='word_1_99' title='bbox 939 1233 1073 1300; x_wconf 90' lang='lat' dir='ltr'><strong>ecclesia</strong></span> <span class='ocrx_word' id='word_1_100' title='bbox 1095 1234 1296 1313; x_wconf 91' lang='lat' dir='ltr'><strong>benedicere,</strong></span> <span class='ocrx_word' id='word_1_101' title='bbox 1347 1233 1496 1299; x_wconf 84' lang='lat' dir='ltr'><strong>Alternis</strong></span> <span class='ocrx_word' id='word_1_102' title='bbox 1524 1231 1780 1298; x_wconf 88' lang='lat' dir='ltr'><strong>hebdomadibus</strong></span> <span class='ocrx_word' id='word_1_103' title='bbox 1809 1233 1887 1298; x_wconf 87' lang='lat' dir='ltr'><strong>tot-is</strong></span> <span class='ocrx_word' id='word_1_104' title='bbox 1916 1233 2182 1312; x_wconf 87' lang='lat' dir='ltr'><strong>concionabatur,</strong></span> <span class='ocrx_word' id='word_1_105' title='bbox 2212 1235 2316 1303; x_wconf 88' lang='lat' dir='ltr'><strong>triduo</strong></span> 
     </span>
     <span class='ocr_line' id='line_1_10' title="bbox 323 1317 2316 1406; baseline 0.001 -20"><span class='ocrx_word' id='word_1_106' title='bbox 323 1322 421 1406; x_wconf 87' lang='lat' dir='ltr'><strong>plane</strong></span> <span class='ocrx_word' id='word_1_107' title='bbox 454 1343 489 1386; x_wconf 92' lang='lat' dir='ltr'><strong>se</strong></span> <span class='ocrx_word' id='word_1_108' title='bbox 522 1321 704 1387; x_wconf 90' lang='lat' dir='ltr'><strong>rediturum</strong></span> <span class='ocrx_word' id='word_1_109' title='bbox 737 1337 867 1402; x_wconf 88' lang='lat' dir='ltr'><strong>negare.</strong></span> <span class='ocrx_word' id='word_1_110' title='bbox 924 1319 1072 1386; x_wconf 90' lang='lat' dir='ltr'><strong>Bucerus</strong></span> <span class='ocrx_word' id='word_1_111' title='bbox 1104 1341 1231 1404; x_wconf 88' lang='lat' dir='ltr'><strong>qnoque</strong></span> <span class='ocrx_word' id='word_1_112' title='bbox 1263 1330 1297 1384; x_wconf 91' lang='lat' dir='ltr'><strong>et</strong></span> <span class='ocrx_word' id='word_1_113' title='bbox 1346 1341 1424 1386; x_wconf 82' lang='lat' dir='ltr'><strong>vero</strong></span> <span class='ocrx_word' id='word_1_114' title='bbox 1443 1319 1590 1386; x_wconf 87' lang='lat' dir='ltr'><strong>docebat:</strong></span> <span class='ocrx_word' id='word_1_115' title='bbox 1609 1319 1749 1402; x_wconf 89' lang='lat' dir='ltr'><strong>singulis</strong></span> <span class='ocrx_word' id='word_1_116' title='bbox 1766 1317 1981 1384; x_wconf 82' lang='lat' dir='ltr'><strong>diebusIovis</strong></span> <span class='ocrx_word' id='word_1_117' title='bbox 1995 1319 2191 1402; x_wconf 84' lang='lat' dir='ltr'><strong>presbyterii</strong></span> <span class='ocrx_word' id='word_1_118' title='bbox 2208 1325 2316 1406; x_wconf 89' lang='lat' dir='ltr'><strong>cogni-</strong></span> 
     </span>
     <span class='ocr_line' id='line_1_11' title="bbox 324 1403 2317 1492; baseline -0.001 -19"><span class='ocrx_word' id='word_1_119' title='bbox 324 1408 446 1474; x_wconf 88' lang='lat' dir='ltr'><strong>caeteri</strong></span> <span class='ocrx_word' id='word_1_120' title='bbox 467 1407 647 1492; x_wconf 89' lang='lat' dir='ltr'><strong>aegerrime</strong></span> <span class='ocrx_word' id='word_1_121' title='bbox 667 1427 703 1471; x_wconf 90' lang='lat' dir='ltr'><strong>se</strong></span> <span class='ocrx_word' id='word_1_122' title='bbox 724 1405 819 1470; x_wconf 91' lang='lat' dir='ltr'><strong>illum</strong></span> <span class='ocrx_word' id='word_1_123' title='bbox 841 1404 1032 1472; x_wconf 86' lang='lat' dir='ltr'><strong>dimissuros</strong></span> <span class='ocrx_word' id='word_1_124' title='bbox 1054 1409 1175 1472; x_wconf 89' lang='lat' dir='ltr'><strong>testari.</strong></span> <span class='ocrx_word' id='word_1_125' title='bbox 1214 1405 1295 1472; x_wconf 89' lang='lat' dir='ltr'><strong>Per·</strong></span> <span class='ocrx_word' id='word_1_126' title='bbox 1346 1406 1470 1470; x_wconf 91' lang='lat' dir='ltr'><strong>tionem</strong></span> <span class='ocrx_word' id='word_1_127' title='bbox 1493 1406 1639 1490; x_wconf 86' lang='lat' dir='ltr'><strong>regebat,</strong></span> <span class='ocrx_word' id='word_1_128' title='bbox 1670 1403 1782 1470; x_wconf 90' lang='lat' dir='ltr'><strong>diebus</strong></span> <span class='ocrx_word' id='word_1_129' title='bbox 1804 1404 1947 1470; x_wconf 90' lang='lat' dir='ltr'><strong>Veneris</strong></span> <span class='ocrx_word' id='word_1_130' title='bbox 1975 1405 2010 1470; x_wconf 92' lang='lat' dir='ltr'><strong>in</strong></span> <span class='ocrx_word' id='word_1_131' title='bbox 2035 1405 2199 1470; x_wconf 90' lang='lat' dir='ltr'><strong>communi</strong></span> <span class='ocrx_word' id='word_1_132' title='bbox 2222 1409 2317 1474; x_wconf 88' lang='lat' dir='ltr'><strong>colla-</strong></span> 
     </span>
     <span class='ocr_line' id='line_1_12' title="bbox 324 1490 2316 1574; baseline 0 -14"><span class='ocrx_word' id='word_1_133' title='bbox 324 1494 487 1560; x_wconf 83' lang='lat' dir='ltr'><strong>etantibus</strong></span> <span class='ocrx_word' id='word_1_134' title='bbox 509 1502 619 1558; x_wconf 87' lang='lat' dir='ltr'><strong>tamen</strong></span> <span class='ocrx_word' id='word_1_135' title='bbox 642 1490 902 1570; x_wconf 84' lang='lat' dir='ltr'><strong>Geuevensibus,</strong></span> <span class='ocrx_word' id='word_1_136' title='bbox 924 1491 1051 1556; x_wconf 89' lang='lat' dir='ltr'><strong>censuit</strong></span> <span class='ocrx_word' id='word_1_137' title='bbox 1072 1491 1205 1558; x_wconf 92' lang='lat' dir='ltr'><strong>tandem</strong></span> <span class='ocrx_word' id='word_1_138' title='bbox 1227 1493 1295 1558; x_wconf 92' lang='lat' dir='ltr'><strong>Bu·</strong></span> <span class='ocrx_word' id='word_1_139' title='bbox 1347 1492 1437 1556; x_wconf 92' lang='lat' dir='ltr'><strong>tione</strong></span> <span class='ocrx_word' id='word_1_140' title='bbox 1470 1493 1668 1574; x_wconf 78' lang='lat' dir='ltr'><strong>scripturae,</strong></span> <span class='ocrx_word' id='word_1_141' title='bbox 1702 1511 1799 1572; x_wconf 87' lang='lat' dir='ltr'><strong>quam</strong></span> <span class='ocrx_word' id='word_1_142' title='bbox 1828 1490 2124 1574; x_wconf 81' lang='lat' dir='ltr'><strong>Oongrcgationcm</strong></span> <span class='ocrx_word' id='word_1_143' title='bbox 2155 1512 2316 1574; x_wconf 87' lang='lat' dir='ltr'><strong>vocamus,</strong></span> 
     </span>
     <span class='ocr_line' id='line_1_13' title="bbox 324 1575 2318 1663; baseline -0.001 -16"><span class='ocrx_word' id='word_1_144' title='bbox 324 1600 417 1647; x_wconf 90' lang='lat' dir='ltr'><strong>cerus</strong></span> <span class='ocrx_word' id='word_1_145' title='bbox 428 1578 559 1644; x_wconf 89' lang='lat' dir='ltr'><strong>illorum</strong></span> <span class='ocrx_word' id='word_1_146' title='bbox 572 1577 723 1663; x_wconf 86' lang='lat' dir='ltr'><strong>precibus</strong></span> <span class='ocrx_word' id='word_1_147' title='bbox 741 1596 812 1642; x_wconf 90' lang='lat' dir='ltr'><strong>esse</strong></span> <span class='ocrx_word' id='word_1_148' title='bbox 834 1576 874 1640; x_wconf 92' lang='lat' dir='ltr'><strong>ad</strong></span> <span class='ocrx_word' id='word_1_149' title='bbox 893 1591 1021 1660; x_wconf 87' lang='lat' dir='ltr'><strong>tempus</strong></span> <span class='ocrx_word' id='word_1_150' title='bbox 1038 1576 1294 1644; x_wconf 90' lang='lat' dir='ltr'><strong>concedendum:</strong></span> <span class='ocrx_word' id='word_1_151' title='bbox 1346 1577 1463 1642; x_wconf 90' lang='lat' dir='ltr'><strong>iustam</strong></span> <span class='ocrx_word' id='word_1_152' title='bbox 1482 1596 1585 1660; x_wconf 90' lang='lat' dir='ltr'><strong>paene</strong></span> <span class='ocrx_word' id='word_1_153' title='bbox 1603 1575 1772 1642; x_wconf 88' lang='lat' dir='ltr'><strong>lectionem</strong></span> <span class='ocrx_word' id='word_1_154' title='bbox 1792 1575 1948 1642; x_wconf 89' lang='lat' dir='ltr'><strong>habebat:</strong></span> <span class='ocrx_word' id='word_1_155' title='bbox 1968 1576 2077 1642; x_wconf 88' lang='lat' dir='ltr'><strong>varios</strong></span> <span class='ocrx_word' id='word_1_156' title='bbox 2091 1597 2200 1644; x_wconf 88' lang='lat' dir='ltr'><strong>sacros</strong></span> <span class='ocrx_word' id='word_1_157' title='bbox 2217 1578 2318 1646; x_wconf 89' lang='lat' dir='ltr'><strong>libms</strong></span> 
     </span>
     <span class='ocr_line' id='line_1_14' title="bbox 346 1661 2318 1748; baseline 0.001 -18"><span class='ocrx_word' id='word_1_158' title='bbox 346 1663 409 1730; x_wconf 91' lang='lat' dir='ltr'><strong>uod</strong></span> <span class='ocrx_word' id='word_1_159' title='bbox 442 1674 553 1730; x_wconf 89' lang='lat' dir='ltr'><strong>tamen</strong></span> <span class='ocrx_word' id='word_1_160' title='bbox 587 1685 607 1728; x_wconf 93' lang='lat' dir='ltr'><strong>a</strong></span> <span class='ocrx_word' id='word_1_161' title='bbox 639 1661 779 1729; x_wconf 81' lang='lat' dir='ltr'><strong>(lalvino</strong></span> <span class='ocrx_word' id='word_1_162' title='bbox 812 1663 943 1727; x_wconf 91' lang='lat' dir='ltr'><strong>nonnisi</strong></span> <span class='ocrx_word' id='word_1_163' title='bbox 975 1663 1168 1746; x_wconf 89' lang='lat' dir='ltr'><strong>interposita</strong></span> <span class='ocrx_word' id='word_1_164' title='bbox 1200 1665 1295 1748; x_wconf 86' lang='lat' dir='ltr'><strong>gravi</strong></span> <span class='ocrx_word' id='word_1_165' title='bbox 1347 1661 1540 1728; x_wconf 86' lang='lat' dir='ltr'><strong>doctissimis</strong></span> <span class='ocrx_word' id='word_1_166' title='bbox 1562 1662 1803 1728; x_wconf 90' lang='lat' dir='ltr'><strong>commentariis</strong></span> <span class='ocrx_word' id='word_1_167' title='bbox 1821 1661 2015 1740; x_wconf 79' lang='lat' dir='ltr'><strong>illustrabat,</strong></span> <span class='ocrx_word' id='word_1_168' title='bbox 2038 1661 2134 1727; x_wconf 92' lang='lat' dir='ltr'><strong>modo</strong></span> <span class='ocrx_word' id='word_1_169' title='bbox 2151 1664 2318 1748; x_wconf 80' lang='lat' dir='ltr'><strong>religionis</strong></span> 
     </span>
     <span class='ocr_line' id='line_1_15' title="bbox 358 1747 2317 1832; baseline 0.001 -17"><span class='ocrx_word' id='word_1_170' title='bbox 358 1750 429 1816; x_wconf 88' lang='lat' dir='ltr'><strong>vini</strong></span> <span class='ocrx_word' id='word_1_171' title='bbox 439 1749 551 1815; x_wconf 89' lang='lat' dir='ltr'><strong>iudicii</strong></span> <span class='ocrx_word' id='word_1_172' title='bbox 562 1747 812 1814; x_wconf 86' lang='lat' dir='ltr'><strong>denunciatione</strong></span> <span class='ocrx_word' id='word_1_173' title='bbox 824 1757 857 1812; x_wconf 92' lang='lat' dir='ltr'><strong>et</strong></span> <span class='ocrx_word' id='word_1_174' title='bbox 867 1750 1137 1832; x_wconf 89' lang='lat' dir='ltr'><strong>propositoIonae</strong></span> <span class='ocrx_word' id='word_1_175' title='bbox 1148 1751 1296 1832; x_wconf 88' lang='lat' dir='ltr'><strong>exemplo</strong></span> <span class='ocrx_word' id='word_1_176' title='bbox 1349 1747 1500 1814; x_wconf 90' lang='lat' dir='ltr'><strong>hostibus</strong></span> <span class='ocrx_word' id='word_1_177' title='bbox 1532 1747 1764 1832; x_wconf 87' lang='lat' dir='ltr'><strong>respondebat,</strong></span> <span class='ocrx_word' id='word_1_178' title='bbox 1798 1747 1894 1813; x_wconf 92' lang='lat' dir='ltr'><strong>modo</strong></span> <span class='ocrx_word' id='word_1_179' title='bbox 1926 1748 2119 1813; x_wconf 87' lang='lat' dir='ltr'><strong>necessariis</strong></span> <span class='ocrx_word' id='word_1_180' title='bbox 2149 1747 2189 1814; x_wconf 91' lang='lat' dir='ltr'><strong>ds</strong></span> <span class='ocrx_word' id='word_1_181' title='bbox 2221 1751 2317 1816; x_wconf 88' lang='lat' dir='ltr'><strong>rebus</strong></span> 
     </span>
     <span class='ocr_line' id='line_1_16' title="bbox 323 1832 2317 1920; baseline 0 -20"><span class='ocrx_word' id='word_1_182' title='bbox 323 1835 389 1900; x_wconf 87' lang='lat' dir='ltr'><strong>fuit</strong></span> <span class='ocrx_word' id='word_1_183' title='bbox 409 1835 632 1919; x_wconf 89' lang='lat' dir='ltr'><strong>impetratum.</strong></span> <span class='ocrx_word' id='word_1_184' title='bbox 678 1832 745 1899; x_wconf 81' lang='lat' dir='ltr'><strong>Sed</strong></span> <span class='ocrx_word' id='word_1_185' title='bbox 768 1835 920 1918; x_wconf 89' lang='lat' dir='ltr'><strong>quoniam</strong></span> <span class='ocrx_word' id='word_1_186' title='bbox 949 1835 984 1900; x_wconf 90' lang='lat' dir='ltr'><strong>in</strong></span> <span class='ocrx_word' id='word_1_187' title='bbox 1011 1835 1044 1900; x_wconf 95' lang='lat' dir='ltr'><strong>id</strong></span> <span class='ocrx_word' id='word_1_188' title='bbox 1067 1844 1195 1919; x_wconf 90' lang='lat' dir='ltr'><strong>tempus</strong></span> <span class='ocrx_word' id='word_1_189' title='bbox 1216 1835 1296 1902; x_wconf 91' lang='lat' dir='ltr'><strong>haec</strong></span> <span class='ocrx_word' id='word_1_190' title='bbox 1346 1833 1553 1916; x_wconf 88' lang='lat' dir='ltr'><strong>undiquaque</strong></span> <span class='ocrx_word' id='word_1_191' title='bbox 1571 1833 1740 1899; x_wconf 84' lang='lat' dir='ltr'><strong>scribebat</strong></span> <span class='ocrx_word' id='word_1_192' title='bbox 1775 1832 1869 1914; x_wconf 79' lang='lat' dir='ltr'><strong>Quae</strong></span> <span class='ocrx_word' id='word_1_193' title='bbox 1886 1833 2031 1916; x_wconf 88' lang='lat' dir='ltr'><strong>quisquis</strong></span> <span class='ocrx_word' id='word_1_194' title='bbox 2049 1843 2171 1900; x_wconf 88' lang='lat' dir='ltr'><strong>attente</strong></span> <span class='ocrx_word' id='word_1_195' title='bbox 2192 1835 2317 1920; x_wconf 88' lang='lat' dir='ltr'><strong>legerit,</strong></span> 
     </span>
     <span class='ocr_line' id='line_1_17' title="bbox 324 1917 2318 2006; baseline 0 -20"><span class='ocrx_word' id='word_1_196' title='bbox 324 1920 518 1998; x_wconf 87' lang='lat' dir='ltr'><strong>inciderant,</strong></span> <span class='ocrx_word' id='word_1_197' title='bbox 541 1942 604 2004; x_wconf 95' lang='lat' dir='ltr'><strong>quo</strong></span> <span class='ocrx_word' id='word_1_198' title='bbox 627 1919 766 1986; x_wconf 78' lang='lat' dir='ltr'><strong>Calvino</strong></span> <span class='ocrx_word' id='word_1_199' title='bbox 781 1919 996 1986; x_wconf 86' lang='lat' dir='ltr'><strong>Ratisbonsm</strong></span> <span class='ocrx_word' id='word_1_200' title='bbox 1019 1921 1060 1986; x_wconf 89' lang='lat' dir='ltr'><strong>ad</strong></span> <span class='ocrx_word' id='word_1_201' title='bbox 1082 1922 1213 1987; x_wconf 88' lang='lat' dir='ltr'><strong>comitia</strong></span> <span class='ocrx_word' id='word_1_202' title='bbox 1235 1923 1296 2006; x_wconf 88' lang='lat' dir='ltr'><strong>(sic</strong></span> <span class='ocrx_word' id='word_1_203' title='bbox 1347 1919 1520 1985; x_wconf 88' lang='lat' dir='ltr'><strong>mirabitur</strong></span> <span class='ocrx_word' id='word_1_204' title='bbox 1549 1927 1598 1984; x_wconf 93' lang='lat' dir='ltr'><strong>tot</strong></span> <span class='ocrx_word' id='word_1_205' title='bbox 1630 1919 1795 2002; x_wconf 88' lang='lat' dir='ltr'><strong>tantisque</strong></span> <span class='ocrx_word' id='word_1_206' title='bbox 1828 1917 1992 1984; x_wconf 90' lang='lat' dir='ltr'><strong>laboribus</strong></span> <span class='ocrx_word' id='word_1_207' title='bbox 2019 1920 2150 1985; x_wconf 92' lang='lat' dir='ltr'><strong>unicum</strong></span> <span class='ocrx_word' id='word_1_208' title='bbox 2178 1921 2318 1987; x_wconf 90' lang='lat' dir='ltr'><strong>homun-</strong></span> 
     </span>
     <span class='ocr_line' id='line_1_18' title="bbox 324 2004 2318 2089; baseline 0 -16"><span class='ocrx_word' id='word_1_209' title='bbox 324 2007 412 2073; x_wconf 91' lang='lat' dir='ltr'><strong>enim</strong></span> <span class='ocrx_word' id='word_1_210' title='bbox 433 2007 541 2071; x_wconf 88' lang='lat' dir='ltr'><strong>fuerat</strong></span> <span class='ocrx_word' id='word_1_211' title='bbox 567 2005 749 2088; x_wconf 88' lang='lat' dir='ltr'><strong>decretum)</strong></span> <span class='ocrx_word' id='word_1_212' title='bbox 772 2025 847 2070; x_wconf 92' lang='lat' dir='ltr'><strong>cum</strong></span> <span class='ocrx_word' id='word_1_213' title='bbox 869 2007 996 2071; x_wconf 89' lang='lat' dir='ltr'><strong>Bucero</strong></span> <span class='ocrx_word' id='word_1_214' title='bbox 1026 2007 1295 2089; x_wconf 86' lang='lat' dir='ltr'><strong>proficiscendum</strong></span> <span class='ocrx_word' id='word_1_215' title='bbox 1347 2004 1457 2070; x_wconf 92' lang='lat' dir='ltr'><strong>culum</strong></span> <span class='ocrx_word' id='word_1_216' title='bbox 1480 2005 1628 2071; x_wconf 88' lang='lat' dir='ltr'><strong>sufficere</strong></span> <span class='ocrx_word' id='word_1_217' title='bbox 1645 2005 1799 2087; x_wconf 90' lang='lat' dir='ltr'><strong>potuisse.</strong></span> <span class='ocrx_word' id='word_1_218' title='bbox 1834 2005 1995 2070; x_wconf 87' lang='lat' dir='ltr'><strong>Utebatur</strong></span> <span class='ocrx_word' id='word_1_219' title='bbox 2015 2015 2124 2070; x_wconf 89' lang='lat' dir='ltr'><strong>autem</strong></span> <span class='ocrx_word' id='word_1_220' title='bbox 2141 2007 2318 2089; x_wconf 91' lang='lat' dir='ltr'><strong>plurimum</strong></span> 
     </span>
     <span class='ocr_line' id='line_1_19' title="bbox 324 2089 2318 2176; baseline 0 -18"><span class='ocrx_word' id='word_1_221' title='bbox 324 2093 444 2174; x_wconf 79' lang='lat' dir='ltr'><strong>erat,²)</strong></span> <span class='ocrx_word' id='word_1_222' title='bbox 467 2091 568 2158; x_wconf 92' lang='lat' dir='ltr'><strong>dilata</strong></span> <span class='ocrx_word' id='word_1_223' title='bbox 589 2092 652 2156; x_wconf 92' lang='lat' dir='ltr'><strong>fuit</strong></span> <span class='ocrx_word' id='word_1_224' title='bbox 673 2091 743 2156; x_wconf 90' lang='lat' dir='ltr'><strong>eius</strong></span> <span class='ocrx_word' id='word_1_225' title='bbox 765 2089 926 2168; x_wconf 89' lang='lat' dir='ltr'><strong>discessio,</strong></span> <span class='ocrx_word' id='word_1_226' title='bbox 949 2101 982 2157; x_wconf 88' lang='lat' dir='ltr'><strong>et</strong></span> <span class='ocrx_word' id='word_1_227' title='bbox 1004 2093 1162 2176; x_wconf 90' lang='lat' dir='ltr'><strong>tantisper</strong></span> <span class='ocrx_word' id='word_1_228' title='bbox 1180 2094 1295 2158; x_wconf 87' lang='lat' dir='ltr'><strong>aBer·</strong></span> <span class='ocrx_word' id='word_1_229' title='bbox 1347 2090 1478 2156; x_wconf 83' lang='lat' dir='ltr'><strong>Farello</strong></span> <span class='ocrx_word' id='word_1_230' title='bbox 1506 2099 1540 2155; x_wconf 91' lang='lat' dir='ltr'><strong>et</strong></span> <span class='ocrx_word' id='word_1_231' title='bbox 1569 2091 1699 2166; x_wconf 90' lang='lat' dir='ltr'><strong>Vireto,</strong></span> <span class='ocrx_word' id='word_1_232' title='bbox 1731 2090 1847 2173; x_wconf 89' lang='lat' dir='ltr'><strong>quibus</strong></span> <span class='ocrx_word' id='word_1_233' title='bbox 1876 2098 1987 2154; x_wconf 87' lang='lat' dir='ltr'><strong>tamen</strong></span> <span class='ocrx_word' id='word_1_234' title='bbox 2015 2092 2084 2173; x_wconf 91' lang='lat' dir='ltr'><strong>ipsc</strong></span> <span class='ocrx_word' id='word_1_235' title='bbox 2113 2092 2216 2158; x_wconf 91' lang='lat' dir='ltr'><strong>multo</strong></span> <span class='ocrx_word' id='word_1_236' title='bbox 2245 2093 2318 2176; x_wconf 89' lang='lat' dir='ltr'><strong>plus</strong></span> 
     </span>
     <span class='ocr_line' id='line_1_20' title="bbox 324 2175 2318 2260; baseline 0 -18"><span class='ocrx_word' id='word_1_237' title='bbox 324 2177 481 2243; x_wconf 88' lang='lat' dir='ltr'><strong>nensibus</strong></span> <span class='ocrx_word' id='word_1_238' title='bbox 502 2178 721 2260; x_wconf 85' lang='lat' dir='ltr'><strong>impetrarunt</strong></span> <span class='ocrx_word' id='word_1_239' title='bbox 739 2175 959 2254; x_wconf 83' lang='lat' dir='ltr'><strong>Genevenses,</strong></span> <span class='ocrx_word' id='word_1_240' title='bbox 982 2186 1019 2241; x_wconf 93' lang='lat' dir='ltr'><strong>ut</strong></span> <span class='ocrx_word' id='word_1_241' title='bbox 1031 2178 1297 2247; x_wconf 86' lang='lat' dir='ltr'><strong>PetrusViretus</strong></span> <span class='ocrx_word' id='word_1_242' title='bbox 1347 2175 1540 2242; x_wconf 86' lang='lat' dir='ltr'><strong>conferebat.</strong></span> <span class='ocrx_word' id='word_1_243' title='bbox 1574 2175 1773 2241; x_wconf 82' lang='lat' dir='ltr'><strong>Sedcorum</strong></span> <span class='ocrx_word' id='word_1_244' title='bbox 1792 2176 1987 2242; x_wconf 84' lang='lat' dir='ltr'><strong>amicitiast</strong></span> <span class='ocrx_word' id='word_1_245' title='bbox 2008 2177 2236 2244; x_wconf 88' lang='lat' dir='ltr'><strong>coniunctione</strong></span> <span class='ocrx_word' id='word_1_246' title='bbox 2254 2201 2318 2244; x_wconf 91' lang='lat' dir='ltr'><strong>non</strong></span> 
     </span>
     <span class='ocr_line' id='line_1_21' title="bbox 324 2260 2319 2346; baseline 0 -17"><span class='ocrx_word' id='word_1_247' title='bbox 324 2263 504 2329; x_wconf 84' lang='lat' dir='ltr'><strong>Lausauna</strong></span> <span class='ocrx_word' id='word_1_248' title='bbox 527 2263 699 2329; x_wconf 85' lang='lat' dir='ltr'><strong>Genavam</strong></span> <span class='ocrx_word' id='word_1_249' title='bbox 721 2262 793 2326; x_wconf 90' lang='lat' dir='ltr'><strong>iret.</strong></span> <span class='ocrx_word' id='word_1_250' title='bbox 838 2260 914 2342; x_wconf 77' lang='lat' dir='ltr'><strong>Quo</strong></span> <span class='ocrx_word' id='word_1_251' title='bbox 943 2261 1096 2329; x_wconf 88' lang='lat' dir='ltr'><strong>libentius</strong></span> <span class='ocrx_word' id='word_1_252' title='bbox 1125 2265 1159 2328; x_wconf 94' lang='lat' dir='ltr'><strong>in</strong></span> <span class='ocrx_word' id='word_1_253' title='bbox 1182 2265 1296 2328; x_wconf 89' lang='lat' dir='ltr'><strong>urbem</strong></span> <span class='ocrx_word' id='word_1_254' title='bbox 1347 2262 1456 2327; x_wconf 90' lang='lat' dir='ltr'><strong>minus</strong></span> <span class='ocrx_word' id='word_1_255' title='bbox 1477 2261 1633 2343; x_wconf 89' lang='lat' dir='ltr'><strong>improbis</strong></span> <span class='ocrx_word' id='word_1_256' title='bbox 1654 2263 1761 2327; x_wconf 89' lang='lat' dir='ltr'><strong>invisa</strong></span> <span class='ocrx_word' id='word_1_257' title='bbox 1784 2283 1881 2344; x_wconf 93' lang='lat' dir='ltr'><strong>quam</strong></span> <span class='ocrx_word' id='word_1_258' title='bbox 1911 2261 1973 2346; x_wconf 91' lang='lat' dir='ltr'><strong>piis</strong></span> <span class='ocrx_word' id='word_1_259' title='bbox 2003 2262 2154 2328; x_wconf 90' lang='lat' dir='ltr'><strong>omnibus</strong></span> <span class='ocrx_word' id='word_1_260' title='bbox 2177 2265 2319 2330; x_wconf 90' lang='lat' dir='ltr'><strong>iucunda</strong></span> 
     </span>
     <span class='ocr_line' id='line_1_22' title="bbox 244 2345 2320 2433; baseline 0 -19"><span class='ocrx_word' id='word_1_261' title='bbox 244 2383 246 2390; x_wconf 95' lang='lat'>·</span> <span class='ocrx_word' id='word_1_262' title='bbox 325 2347 422 2415; x_wconf 88' lang='lat' dir='ltr'><strong>rediit</strong></span> <span class='ocrx_word' id='word_1_263' title='bbox 443 2349 619 2426; x_wconf 82' lang='lat' dir='ltr'><strong>Calvinus,</strong></span> <span class='ocrx_word' id='word_1_264' title='bbox 649 2369 723 2413; x_wconf 89' lang='lat' dir='ltr'><strong>eum</strong></span> <span class='ocrx_word' id='word_1_265' title='bbox 751 2345 902 2412; x_wconf 87' lang='lat' dir='ltr'><strong>videlicet</strong></span> <span class='ocrx_word' id='word_1_266' title='bbox 930 2347 1101 2416; x_wconf 89' lang='lat' dir='ltr'><strong>habiturus</strong></span> <span class='ocrx_word' id='word_1_267' title='bbox 1128 2349 1296 2433; x_wconf 86' lang='lat' dir='ltr'><strong>collegam,</strong></span> <span class='ocrx_word' id='word_1_268' title='bbox 1348 2347 1540 2412; x_wconf 88' lang='lat' dir='ltr'><strong>mirabiliter</strong></span> <span class='ocrx_word' id='word_1_269' title='bbox 1573 2347 1805 2414; x_wconf 85' lang='lat' dir='ltr'><strong>delectabatur.</strong></span> <span class='ocrx_word' id='word_1_270' title='bbox 1861 2347 1906 2412; x_wconf 86' lang='lat' dir='ltr'><strong>Et</strong></span> <span class='ocrx_word' id='word_1_271' title='bbox 1938 2368 2017 2412; x_wconf 88' lang='lat' dir='ltr'><strong>sane</strong></span> <span class='ocrx_word' id='word_1_272' title='bbox 2050 2347 2320 2415; x_wconf 84' lang='lat' dir='ltr'><strong>iucundissimum</strong></span> 
     </span>
     <span class='ocr_line' id='line_1_23' title="bbox 325 2431 2320 2518; baseline -0.001 -16"><span class='ocrx_word' id='word_1_273' title='bbox 325 2437 417 2502; x_wconf 88' lang='lat' dir='ltr'><strong>cuius</strong></span> <span class='ocrx_word' id='word_1_274' title='bbox 438 2455 538 2518; x_wconf 89' lang='lat' dir='ltr'><strong>opera</strong></span> <span class='ocrx_word' id='word_1_275' title='bbox 560 2441 594 2500; x_wconf 90' lang='lat' dir='ltr'><strong>ct</strong></span> <span class='ocrx_word' id='word_1_276' title='bbox 614 2431 748 2500; x_wconf 90' lang='lat' dir='ltr'><strong>consilio</strong></span> <span class='ocrx_word' id='word_1_277' title='bbox 769 2433 805 2496; x_wconf 92' lang='lat' dir='ltr'><strong>in</strong></span> <span class='ocrx_word' id='word_1_278' title='bbox 826 2433 1039 2500; x_wconf 87' lang='lat' dir='ltr'><strong>instauranda</strong></span> <span class='ocrx_word' id='word_1_279' title='bbox 1068 2434 1203 2502; x_wconf 89' lang='lat' dir='ltr'><strong>ecclesia</strong></span> <span class='ocrx_word' id='word_1_280' title='bbox 1224 2436 1297 2518; x_wconf 89' lang='lat' dir='ltr'><strong>plu·</strong></span> <span class='ocrx_word' id='word_1_281' title='bbox 1347 2439 1417 2497; x_wconf 89' lang='lat' dir='ltr'><strong>erat</strong></span> <span class='ocrx_word' id='word_1_282' title='bbox 1439 2432 1676 2515; x_wconf 87' lang='lat' dir='ltr'><strong>spectaculum,</strong></span> <span class='ocrx_word' id='word_1_283' title='bbox 1707 2443 1773 2497; x_wconf 89' lang='lat' dir='ltr'><strong>tres</strong></span> <span class='ocrx_word' id='word_1_284' title='bbox 1802 2433 1881 2498; x_wconf 87' lang='lat' dir='ltr'><strong>istos</strong></span> <span class='ocrx_word' id='word_1_285' title='bbox 1911 2439 2020 2498; x_wconf 88' lang='lat' dir='ltr'><strong>tantos</strong></span> <span class='ocrx_word' id='word_1_286' title='bbox 2047 2435 2082 2498; x_wconf 91' lang='lat' dir='ltr'><strong>in</strong></span> <span class='ocrx_word' id='word_1_287' title='bbox 2104 2435 2239 2500; x_wconf 89' lang='lat' dir='ltr'><strong>ecclesia</strong></span> <span class='ocrx_word' id='word_1_288' title='bbox 2258 2435 2320 2501; x_wconf 90' lang='lat' dir='ltr'><strong>Dei</strong></span> 
     </span>
     <span class='ocr_line' id='line_1_24' title="bbox 324 2516 2320 2602; baseline 0.001 -16"><span class='ocrx_word' id='word_1_289' title='bbox 324 2521 445 2586; x_wconf 89' lang='lat' dir='ltr'><strong>rimum</strong></span> <span class='ocrx_word' id='word_1_290' title='bbox 467 2520 616 2586; x_wconf 83' lang='lat' dir='ltr'><strong>adiuvari</strong></span> <span class='ocrx_word' id='word_1_291' title='bbox 638 2527 756 2602; x_wconf 89' lang='lat' dir='ltr'><strong>posset.</strong></span> <span class='ocrx_word' id='word_1_292' title='bbox 1347 2519 1436 2582; x_wconf 81' lang='lat' dir='ltr'><strong>viros</strong></span> <span class='ocrx_word' id='word_1_293' title='bbox 1456 2539 1561 2600; x_wconf 91' lang='lat' dir='ltr'><strong>usque</strong></span> <span class='ocrx_word' id='word_1_294' title='bbox 1582 2517 1662 2584; x_wconf 88' lang='lat' dir='ltr'><strong>adeo</strong></span> <span class='ocrx_word' id='word_1_295' title='bbox 1684 2519 1718 2582; x_wconf 93' lang='lat' dir='ltr'><strong>in</strong></span> <span class='ocrx_word' id='word_1_296' title='bbox 1737 2539 1833 2600; x_wconf 91' lang='lat' dir='ltr'><strong>opere</strong></span> <span class='ocrx_word' id='word_1_297' title='bbox 1852 2516 1964 2582; x_wconf 87' lang='lat' dir='ltr'><strong>divino</strong></span> <span class='ocrx_word' id='word_1_298' title='bbox 1982 2520 2231 2599; x_wconf 88' lang='lat' dir='ltr'><strong>consentientes,</strong></span> <span class='ocrx_word' id='word_1_299' title='bbox 2255 2543 2320 2587; x_wconf 87' lang='lat' dir='ltr'><strong>eos·</strong></span> 
     </span>
    </p>

    <p class='ocr_par' dir='ltr' id='par_1_3' title="bbox 321 2603 2412 3976">
     <span class='ocr_line' id='line_1_25' title="bbox 411 2603 2320 2687; baseline 0.001 -16"><span class='ocrx_word' id='word_1_300' title='bbox 411 2606 469 2672; x_wconf 80' lang='lat' dir='ltr'><strong>Sic</strong></span> <span class='ocrx_word' id='word_1_301' title='bbox 488 2605 612 2687; x_wconf 88' lang='lat' dir='ltr'><strong>aliquot</strong></span> <span class='ocrx_word' id='word_1_302' title='bbox 633 2623 763 2668; x_wconf 92' lang='lat' dir='ltr'><strong>menses</strong></span> <span class='ocrx_word' id='word_1_303' title='bbox 784 2604 996 2686; x_wconf 88' lang='lat' dir='ltr'><strong>praeteriere:</strong></span> <span class='ocrx_word' id='word_1_304' title='bbox 1024 2603 1141 2686; x_wconf 93' lang='lat' dir='ltr'><strong>quibus</strong></span> <span class='ocrx_word' id='word_1_305' title='bbox 1164 2604 1296 2669; x_wconf 90' lang='lat' dir='ltr'><strong>tandem</strong></span> <span class='ocrx_word' id='word_1_306' title='bbox 1348 2623 1412 2686; x_wconf 91' lang='lat' dir='ltr'><strong>que</strong></span> <span class='ocrx_word' id='word_1_307' title='bbox 1435 2603 1573 2670; x_wconf 84' lang='lat' dir='ltr'><strong>diversis</strong></span> <span class='ocrx_word' id='word_1_308' title='bbox 1595 2603 1688 2669; x_wconf 90' lang='lat' dir='ltr'><strong>donis</strong></span> <span class='ocrx_word' id='word_1_309' title='bbox 1710 2604 1865 2668; x_wconf 86' lang='lat' dir='ltr'><strong>florentes</strong></span> <span class='ocrx_word' id='word_1_310' title='bbox 1887 2623 2021 2668; x_wconf 89' lang='lat' dir='ltr'><strong>cernere</strong></span> <span class='ocrx_word' id='word_1_311' title='bbox 2043 2613 2077 2668; x_wconf 91' lang='lat' dir='ltr'><strong>et</strong></span> <span class='ocrx_word' id='word_1_312' title='bbox 2093 2605 2215 2672; x_wconf 89' lang='lat' dir='ltr'><strong>audire.</strong></span> <span class='ocrx_word' id='word_1_313' title='bbox 2251 2608 2320 2672; x_wconf 82' lang='lat' dir='ltr'><strong>Ex·</strong></span> 
     </span>
     <span class='ocr_line' id='line_1_26' title="bbox 325 2687 2320 2774; baseline -0.001 -16"><span class='ocrx_word' id='word_1_314' title='bbox 325 2690 443 2774; x_wconf 88' lang='lat' dir='ltr'><strong>elapsis</strong></span> <span class='ocrx_word' id='word_1_315' title='bbox 455 2690 614 2758; x_wconf 86' lang='lat' dir='ltr'><strong>Calvinus</strong></span> <span class='ocrx_word' id='word_1_316' title='bbox 624 2699 699 2754; x_wconf 86' lang='lat' dir='ltr'><strong>xm.</strong></span> <span class='ocrx_word' id='word_1_317' title='bbox 711 2687 913 2771; x_wconf 83' lang='lat' dir='ltr'><strong>Septembris</strong></span> <span class='ocrx_word' id='word_1_318' title='bbox 933 2709 1020 2754; x_wconf 92' lang='lat' dir='ltr'><strong>anno</strong></span> <span class='ocrx_word' id='word_1_319' title='bbox 1030 2689 1166 2754; x_wconf 93' lang='lat' dir='ltr'><strong>Domini</strong></span> <span class='ocrx_word' id='word_1_320' title='bbox 1177 2701 1297 2756; x_wconf 79' lang='lat' dir='ltr'>MDXLI</span> <span class='ocrx_word' id='word_1_321' title='bbox 1348 2689 1484 2754; x_wconf 86' lang='lat' dir='ltr'><strong>callebat</strong></span> <span class='ocrx_word' id='word_1_322' title='bbox 1505 2688 1644 2772; x_wconf 90' lang='lat' dir='ltr'><strong>quadam</strong></span> <span class='ocrx_word' id='word_1_323' title='bbox 1666 2689 1767 2754; x_wconf 88' lang='lat' dir='ltr'><strong>animi</strong></span> <span class='ocrx_word' id='word_1_324' title='bbox 1790 2687 2016 2772; x_wconf 86' lang='lat' dir='ltr'><strong>magnitudine</strong></span> <span class='ocrx_word' id='word_1_325' title='bbox 2039 2690 2204 2770; x_wconf 83' lang='lat' dir='ltr'><strong>Farsllus,</strong></span> <span class='ocrx_word' id='word_1_326' title='bbox 2227 2693 2320 2759; x_wconf 90' lang='lat' dir='ltr'><strong>cuius</strong></span> 
     </span>
     <span class='ocr_line' id='line_1_27' title="bbox 324 2774 2320 2858; baseline 0 -15"><span class='ocrx_word' id='word_1_327' title='bbox 324 2777 495 2843; x_wconf 83' lang='lat' dir='ltr'><strong>Genavam</strong></span> <span class='ocrx_word' id='word_1_328' title='bbox 516 2795 685 2858; x_wconf 82' lang='lat' dir='ltr'><strong>regressus</strong></span> <span class='ocrx_word' id='word_1_329' title='bbox 703 2782 763 2854; x_wconf 90' lang='lat' dir='ltr'><strong>est,</strong></span> <span class='ocrx_word' id='word_1_330' title='bbox 784 2794 913 2840; x_wconf 89' lang='lat' dir='ltr'><strong>summa</strong></span> <span class='ocrx_word' id='word_1_331' title='bbox 929 2796 1004 2841; x_wconf 93' lang='lat' dir='ltr'><strong>cum</strong></span> <span class='ocrx_word' id='word_1_332' title='bbox 1021 2775 1167 2842; x_wconf 84' lang='lat' dir='ltr'><strong>universi</strong></span> <span class='ocrx_word' id='word_1_333' title='bbox 1185 2777 1295 2858; x_wconf 93' lang='lat' dir='ltr'><strong>populi</strong></span> <span class='ocrx_word' id='word_1_334' title='bbox 1347 2774 1400 2840; x_wconf 87' lang='lat' dir='ltr'><strong>vel</strong></span> <span class='ocrx_word' id='word_1_335' title='bbox 1412 2774 1526 2839; x_wconf 89' lang='lat' dir='ltr'><strong>audire</strong></span> <span class='ocrx_word' id='word_1_336' title='bbox 1538 2776 1659 2858; x_wconf 90' lang='lat' dir='ltr'><strong>absque</strong></span> <span class='ocrx_word' id='word_1_337' title='bbox 1673 2787 1814 2840; x_wconf 88' lang='lat' dir='ltr'><strong>tremore</strong></span> <span class='ocrx_word' id='word_1_338' title='bbox 1832 2774 1985 2850; x_wconf 89' lang='lat' dir='ltr'><strong>tonitrua,</strong></span> <span class='ocrx_word' id='word_1_339' title='bbox 2003 2775 2056 2840; x_wconf 85' lang='lat' dir='ltr'><strong>vel</strong></span> <span class='ocrx_word' id='word_1_340' title='bbox 2075 2775 2320 2843; x_wconf 88' lang='lat' dir='ltr'><strong>ardentissimas</strong></span> 
     </span>
     <span class='ocr_line' id='line_1_28' title="bbox 324 2860 2321 2947; baseline 0.001 -19"><span class='ocrx_word' id='word_1_341' title='bbox 324 2881 362 2928; x_wconf 88' lang='lat' dir='ltr'><strong>ao</strong></span> <span class='ocrx_word' id='word_1_342' title='bbox 379 2871 511 2930; x_wconf 89' lang='lat' dir='ltr'><strong>senatus</strong></span> <span class='ocrx_word' id='word_1_343' title='bbox 527 2860 680 2945; x_wconf 82' lang='lat' dir='ltr'><strong>inprimis</strong></span> <span class='ocrx_word' id='word_1_344' title='bbox 697 2860 862 2943; x_wconf 85' lang='lat' dir='ltr'><strong>singulare</strong></span> <span class='ocrx_word' id='word_1_345' title='bbox 874 2861 937 2926; x_wconf 91' lang='lat' dir='ltr'><strong>Dei</strong></span> <span class='ocrx_word' id='word_1_346' title='bbox 951 2881 1029 2942; x_wconf 89' lang='lat' dir='ltr'><strong>erga</strong></span> <span class='ocrx_word' id='word_1_347' title='bbox 1047 2881 1082 2928; x_wconf 92' lang='lat' dir='ltr'><strong>se</strong></span> <span class='ocrx_word' id='word_1_348' title='bbox 1099 2861 1294 2928; x_wconf 86' lang='lat' dir='ltr'><strong>beneficium</strong></span> <span class='ocrx_word' id='word_1_349' title='bbox 1346 2881 1459 2943; x_wconf 90' lang='lat' dir='ltr'><strong>preces</strong></span> <span class='ocrx_word' id='word_1_350' title='bbox 1480 2860 1647 2943; x_wconf 89' lang='lat' dir='ltr'><strong>percipere</strong></span> <span class='ocrx_word' id='word_1_351' title='bbox 1668 2880 1766 2925; x_wconf 92' lang='lat' dir='ltr'><strong>nemo</strong></span> <span class='ocrx_word' id='word_1_352' title='bbox 1787 2867 1904 2943; x_wconf 90' lang='lat' dir='ltr'><strong>posset,</strong></span> <span class='ocrx_word' id='word_1_353' title='bbox 1928 2861 2008 2942; x_wconf 92' lang='lat' dir='ltr'><strong>quin</strong></span> <span class='ocrx_word' id='word_1_354' title='bbox 2029 2861 2063 2925; x_wconf 92' lang='lat' dir='ltr'><strong>in</strong></span> <span class='ocrx_word' id='word_1_355' title='bbox 2086 2863 2194 2944; x_wconf 89' lang='lat' dir='ltr'><strong>ipsum</strong></span> <span class='ocrx_word' id='word_1_356' title='bbox 2217 2885 2321 2947; x_wconf 87' lang='lat' dir='ltr'><strong>paene</strong></span> 
     </span>
     <span class='ocr_line' id='line_1_29' title="bbox 323 2945 2320 3032; baseline -0.001 -17"><span class='ocrx_word' id='word_1_357' title='bbox 323 2950 408 3015; x_wconf 90' lang='lat' dir='ltr'><strong>serio</strong></span> <span class='ocrx_word' id='word_1_358' title='bbox 430 2959 502 3014; x_wconf 91' lang='lat' dir='ltr'><strong>tum</strong></span> <span class='ocrx_word' id='word_1_359' title='bbox 524 2946 731 3032; x_wconf 86' lang='lat' dir='ltr'><strong>agnoscentis</strong></span> <span class='ocrx_word' id='word_1_360' title='bbox 758 2946 1051 3028; x_wconf 88' lang='lat' dir='ltr'><strong>congratulatione,</strong></span> <span class='ocrx_word' id='word_1_361' title='bbox 1080 2954 1117 3011; x_wconf 91' lang='lat' dir='ltr'><strong>ut</strong></span> <span class='ocrx_word' id='word_1_362' title='bbox 1138 2947 1294 3030; x_wconf 88' lang='lat' dir='ltr'><strong>Argenti·</strong></span> <span class='ocrx_word' id='word_1_363' title='bbox 1346 2945 1471 3011; x_wconf 89' lang='lat' dir='ltr'><strong>coelum</strong></span> <span class='ocrx_word' id='word_1_364' title='bbox 1500 2946 1747 3012; x_wconf 87' lang='lat' dir='ltr'><strong>subveheretur.</strong></span> <span class='ocrx_word' id='word_1_365' title='bbox 1793 2946 1931 3010; x_wconf 89' lang='lat' dir='ltr'><strong>Viretus</strong></span> <span class='ocrx_word' id='word_1_366' title='bbox 1960 2945 2129 3012; x_wconf 82' lang='lat' dir='ltr'><strong>facundiae</strong></span> <span class='ocrx_word' id='word_1_367' title='bbox 2157 2951 2320 3014; x_wconf 84' lang='lat' dir='ltr'><strong>suavitate</strong></span> 
     </span>
     <span class='ocr_line' id='line_1_30' title="bbox 323 3029 2320 3118; baseline 0.001 -20"><span class='ocrx_word' id='word_1_368' title='bbox 323 3053 442 3100; x_wconf 89' lang='lat' dir='ltr'><strong>nenses</strong></span> <span class='ocrx_word' id='word_1_369' title='bbox 460 3053 577 3118; x_wconf 86' lang='lat' dir='ltr'><strong>urgere</strong></span> <span class='ocrx_word' id='word_1_370' title='bbox 599 3051 767 3114; x_wconf 91' lang='lat' dir='ltr'><strong>nunquam</strong></span> <span class='ocrx_word' id='word_1_371' title='bbox 785 3029 956 3110; x_wconf 85' lang='lat' dir='ltr'><strong>destiterit,</strong></span> <span class='ocrx_word' id='word_1_372' title='bbox 976 3039 1015 3095; x_wconf 92' lang='lat' dir='ltr'><strong>ut</strong></span> <span class='ocrx_word' id='word_1_373' title='bbox 1035 3029 1121 3114; x_wconf 92' lang='lat' dir='ltr'><strong>quod</strong></span> <span class='ocrx_word' id='word_1_374' title='bbox 1143 3030 1183 3095; x_wconf 92' lang='lat' dir='ltr'><strong>de</strong></span> <span class='ocrx_word' id='word_1_375' title='bbox 1205 3041 1294 3098; x_wconf 90' lang='lat' dir='ltr'><strong>certo</strong></span> <span class='ocrx_word' id='word_1_376' title='bbox 1347 3032 1393 3096; x_wconf 92' lang='lat' dir='ltr'><strong>sic</strong></span> <span class='ocrx_word' id='word_1_377' title='bbox 1415 3029 1607 3110; x_wconf 83' lang='lat' dir='ltr'><strong>excellebat,</strong></span> <span class='ocrx_word' id='word_1_378' title='bbox 1629 3039 1667 3096; x_wconf 93' lang='lat' dir='ltr'><strong>ut</strong></span> <span class='ocrx_word' id='word_1_379' title='bbox 1688 3031 1853 3098; x_wconf 88' lang='lat' dir='ltr'><strong>auditores</strong></span> <span class='ocrx_word' id='word_1_380' title='bbox 1875 3031 1916 3096; x_wconf 93' lang='lat' dir='ltr'><strong>ab</strong></span> <span class='ocrx_word' id='word_1_381' title='bbox 1938 3032 2039 3114; x_wconf 89' lang='lat' dir='ltr'><strong>ipsius</strong></span> <span class='ocrx_word' id='word_1_382' title='bbox 2061 3053 2117 3097; x_wconf 91' lang='lat' dir='ltr'><strong>ore</strong></span> <span class='ocrx_word' id='word_1_383' title='bbox 2139 3036 2320 3102; x_wconf 89' lang='lat' dir='ltr'><strong>necessario</strong></span> 
     </span>
     <span class='ocr_line' id='line_1_31' title="bbox 322 3115 2318 3203; baseline 0.001 -19"><span class='ocrx_word' id='word_1_384' title='bbox 322 3118 380 3184; x_wconf 91' lang='lat' dir='ltr'><strong>illo</strong></span> <span class='ocrx_word' id='word_1_385' title='bbox 412 3118 570 3202; x_wconf 88' lang='lat' dir='ltr'><strong>temporis</strong></span> <span class='ocrx_word' id='word_1_386' title='bbox 603 3116 708 3200; x_wconf 90' lang='lat' dir='ltr'><strong>spatio</strong></span> <span class='ocrx_word' id='word_1_387' title='bbox 737 3123 869 3182; x_wconf 87' lang='lat' dir='ltr'><strong>cautum</strong></span> <span class='ocrx_word' id='word_1_388' title='bbox 897 3115 1005 3181; x_wconf 89' lang='lat' dir='ltr'><strong>fuerat</strong></span> <span class='ocrx_word' id='word_1_389' title='bbox 1039 3126 1293 3200; x_wconf 86' lang='lat' dir='ltr'><strong>expungeretur.</strong></span> <span class='ocrx_word' id='word_1_390' title='bbox 1345 3116 1537 3199; x_wconf 88' lang='lat' dir='ltr'><strong>penderent.</strong></span> <span class='ocrx_word' id='word_1_391' title='bbox 1582 3117 1740 3182; x_wconf 81' lang='lat' dir='ltr'><strong>Calvinus</strong></span> <span class='ocrx_word' id='word_1_392' title='bbox 1769 3124 1847 3200; x_wconf 89' lang='lat' dir='ltr'><strong>quot</strong></span> <span class='ocrx_word' id='word_1_393' title='bbox 1874 3116 2013 3182; x_wconf 88' lang='lat' dir='ltr'><strong>sonabat</strong></span> <span class='ocrx_word' id='word_1_394' title='bbox 2035 3117 2147 3200; x_wconf 89' lang='lat' dir='ltr'><strong>verba,</strong></span> <span class='ocrx_word' id='word_1_395' title='bbox 2177 3129 2228 3186; x_wconf 90' lang='lat' dir='ltr'><strong>tot</strong></span> <span class='ocrx_word' id='word_1_396' title='bbox 2248 3141 2318 3203; x_wconf 89' lang='lat' dir='ltr'><strong>gra·</strong></span> 
     </span>
     <span class='ocr_line' id='line_1_32' title="bbox 324 3201 2320 3288; baseline -0.001 -16"><span class='ocrx_word' id='word_1_397' title='bbox 324 3203 565 3272; x_wconf 83' lang='lat' dir='ltr'><strong>Gonoesserunt</strong></span> <span class='ocrx_word' id='word_1_398' title='bbox 585 3201 620 3266; x_wconf 93' lang='lat' dir='ltr'><strong>id</strong></span> <span class='ocrx_word' id='word_1_399' title='bbox 641 3220 769 3284; x_wconf 90' lang='lat' dir='ltr'><strong>quoque</strong></span> <span class='ocrx_word' id='word_1_400' title='bbox 798 3201 932 3268; x_wconf 89' lang='lat' dir='ltr'><strong>tandem</strong></span> <span class='ocrx_word' id='word_1_401' title='bbox 953 3202 1226 3285; x_wconf 84' lang='lat' dir='ltr'><strong>Argentinenses,</strong></span> <span class='ocrx_word' id='word_1_402' title='bbox 1256 3223 1295 3267; x_wconf 90' lang='lat' dir='ltr'><strong>ea</strong></span> <span class='ocrx_word' id='word_1_403' title='bbox 1345 3201 1492 3268; x_wconf 86' lang='lat' dir='ltr'><strong>vissimis</strong></span> <span class='ocrx_word' id='word_1_404' title='bbox 1519 3204 1691 3268; x_wconf 90' lang='lat' dir='ltr'><strong>sententiis</strong></span> <span class='ocrx_word' id='word_1_405' title='bbox 1720 3202 1878 3267; x_wconf 90' lang='lat' dir='ltr'><strong>auditoris</strong></span> <span class='ocrx_word' id='word_1_406' title='bbox 1906 3211 2051 3268; x_wconf 87' lang='lat' dir='ltr'><strong>mentem</strong></span> <span class='ocrx_word' id='word_1_407' title='bbox 2079 3204 2247 3288; x_wconf 87' lang='lat' dir='ltr'><strong>explebat,</strong></span> <span class='ocrx_word' id='word_1_408' title='bbox 2285 3215 2320 3272; x_wconf 92' lang='lat' dir='ltr'><strong>ut</strong></span> 
     </span>
     <span class='ocr_line' id='line_1_33' title="bbox 322 3286 2319 3374; baseline 0.001 -18"><span class='ocrx_word' id='word_1_409' title='bbox 322 3297 434 3356; x_wconf 66' lang='lat' dir='ltr'><strong>mmen</strong></span> <span class='ocrx_word' id='word_1_410' title='bbox 457 3288 638 3357; x_wconf 90' lang='lat' dir='ltr'><strong>conditione</strong></span> <span class='ocrx_word' id='word_1_411' title='bbox 658 3294 697 3351; x_wconf 91' lang='lat' dir='ltr'><strong>ut</strong></span> <span class='ocrx_word' id='word_1_412' title='bbox 717 3287 771 3352; x_wconf 89' lang='lat' dir='ltr'><strong>ius</strong></span> <span class='ocrx_word' id='word_1_413' title='bbox 792 3287 934 3353; x_wconf 80' lang='lat' dir='ltr'><strong>civitatis</strong></span> <span class='ocrx_word' id='word_1_414' title='bbox 955 3286 1181 3366; x_wconf 84' lang='lat' dir='ltr'><strong>honorarium,</strong></span> <span class='ocrx_word' id='word_1_415' title='bbox 1210 3287 1295 3369; x_wconf 92' lang='lat' dir='ltr'><strong>quod</strong></span> <span class='ocrx_word' id='word_1_416' title='bbox 1347 3305 1443 3368; x_wconf 88' lang='lat' dir='ltr'><strong>saepe</strong></span> <span class='ocrx_word' id='word_1_417' title='bbox 1464 3287 1547 3351; x_wconf 90' lang='lat' dir='ltr'><strong>mihi</strong></span> <span class='ocrx_word' id='word_1_418' title='bbox 1569 3288 1604 3352; x_wconf 95' lang='lat' dir='ltr'><strong>in</strong></span> <span class='ocrx_word' id='word_1_419' title='bbox 1625 3296 1768 3352; x_wconf 92' lang='lat' dir='ltr'><strong>mentem</strong></span> <span class='ocrx_word' id='word_1_420' title='bbox 1791 3288 1935 3366; x_wconf 84' lang='lat' dir='ltr'><strong>venerit,</strong></span> <span class='ocrx_word' id='word_1_421' title='bbox 1963 3290 2140 3370; x_wconf 89' lang='lat' dir='ltr'><strong>perfectum</strong></span> <span class='ocrx_word' id='word_1_422' title='bbox 2162 3291 2319 3374; x_wconf 91' lang='lat' dir='ltr'><strong>quodam·</strong></span> 
     </span>
     <span class='ocr_line' id='line_1_34' title="bbox 323 3371 2321 3457; baseline 0.002 -17"><span class='ocrx_word' id='word_1_423' title='bbox 323 3375 360 3441; x_wconf 93' lang='lat' dir='ltr'><strong>in</strong></span> <span class='ocrx_word' id='word_1_424' title='bbox 386 3375 565 3444; x_wconf 74' lang='lat' dir='ltr'><strong>Calvinum</strong></span> <span class='ocrx_word' id='word_1_425' title='bbox 593 3371 816 3451; x_wconf 88' lang='lat' dir='ltr'><strong>contulerant,</strong></span> <span class='ocrx_word' id='word_1_426' title='bbox 846 3372 976 3438; x_wconf 83' lang='lat' dir='ltr'><strong>salvum</strong></span> <span class='ocrx_word' id='word_1_427' title='bbox 1003 3379 1105 3449; x_wconf 90' lang='lat' dir='ltr'><strong>esset,</strong></span> <span class='ocrx_word' id='word_1_428' title='bbox 1138 3377 1172 3438; x_wconf 92' lang='lat' dir='ltr'><strong>et</strong></span> <span class='ocrx_word' id='word_1_429' title='bbox 1199 3393 1294 3456; x_wconf 88' lang='lat' dir='ltr'><strong>prae·</strong></span> <span class='ocrx_word' id='word_1_430' title='bbox 1346 3371 1441 3436; x_wconf 92' lang='lat' dir='ltr'><strong>modo</strong></span> <span class='ocrx_word' id='word_1_431' title='bbox 1463 3371 1568 3438; x_wconf 81' lang='lat' dir='ltr'><strong>rideri</strong></span> <span class='ocrx_word' id='word_1_432' title='bbox 1585 3393 1678 3456; x_wconf 90' lang='lat' dir='ltr'><strong>posse</strong></span> <span class='ocrx_word' id='word_1_433' title='bbox 1695 3380 1870 3457; x_wconf 88' lang='lat' dir='ltr'><strong>pastorem,</strong></span> <span class='ocrx_word' id='word_1_434' title='bbox 1892 3374 1949 3457; x_wconf 91' lang='lat' dir='ltr'><strong>qui</strong></span> <span class='ocrx_word' id='word_1_435' title='bbox 1966 3394 2009 3438; x_wconf 89' lang='lat' dir='ltr'><strong>ex</strong></span> <span class='ocrx_word' id='word_1_436' title='bbox 2026 3376 2131 3442; x_wconf 92' lang='lat' dir='ltr'><strong>tribus</strong></span> <span class='ocrx_word' id='word_1_437' title='bbox 2148 3376 2216 3444; x_wconf 90' lang='lat' dir='ltr'><strong>illis</strong></span> <span class='ocrx_word' id='word_1_438' title='bbox 2235 3385 2321 3445; x_wconf 90' lang='lat' dir='ltr'><strong>esset</strong></span> 
     </span>
     <span class='ocr_line' id='line_1_35' title="bbox 321 3456 2412 3550; baseline -0.005 -21"><span class='ocrx_word' id='word_1_439' title='bbox 321 3460 449 3530; x_wconf 89' lang='lat' dir='ltr'><strong>bendae</strong></span> <span class='ocrx_word' id='word_1_440' title='bbox 459 3480 557 3545; x_wconf 87' lang='lat' dir='ltr'><strong>quam</strong></span> <span class='ocrx_word' id='word_1_441' title='bbox 565 3464 683 3524; x_wconf 88' lang='lat' dir='ltr'><strong>vocant</strong></span> <span class='ocrx_word' id='word_1_442' title='bbox 692 3477 818 3522; x_wconf 90' lang='lat' dir='ltr'><strong>annuos</strong></span> <span class='ocrx_word' id='word_1_443' title='bbox 828 3456 953 3523; x_wconf 88' lang='lat' dir='ltr'><strong>reditus</strong></span> <span class='ocrx_word' id='word_1_444' title='bbox 963 3459 1127 3524; x_wconf 88' lang='lat' dir='ltr'><strong>retineret.</strong></span> <span class='ocrx_word' id='word_1_445' title='bbox 1146 3457 1296 3540; x_wconf 78' lang='lat' dir='ltr'><strong>Quorum</strong></span> <span class='ocrx_word' id='word_1_446' title='bbox 1345 3459 1513 3524; x_wconf 89' lang='lat' dir='ltr'><strong>conflatus.</strong></span> <span class='ocrx_word' id='word_1_447' title='bbox 2411 3505 2412 3550; x_wconf 65' lang='lat'><strong>,</strong></span> 
     </span>
     <span class='ocr_line' id='line_1_36' title="bbox 322 3541 2412 3630; baseline 0.001 -16"><span class='ocrx_word' id='word_1_448' title='bbox 322 3545 405 3614; x_wconf 89' lang='lat' dir='ltr'><strong>illud</strong></span> <span class='ocrx_word' id='word_1_449' title='bbox 423 3543 752 3630; x_wconf 81' lang='lat' dir='ltr'><strong>probavithlvinus,</strong></span> <span class='ocrx_word' id='word_1_450' title='bbox 773 3541 864 3610; x_wconf 90' lang='lat' dir='ltr'><strong>istud</strong></span> <span class='ocrx_word' id='word_1_451' title='bbox 881 3565 958 3610; x_wconf 83' lang='lat' dir='ltr'><strong>vero</strong></span> <span class='ocrx_word' id='word_1_452' title='bbox 977 3551 1015 3608; x_wconf 92' lang='lat' dir='ltr'><strong>ut</strong></span> <span class='ocrx_word' id='word_1_453' title='bbox 1032 3544 1192 3628; x_wconf 88' lang='lat' dir='ltr'><strong>acciperet</strong></span> <span class='ocrx_word' id='word_1_454' title='bbox 1210 3565 1295 3610; x_wconf 90' lang='lat' dir='ltr'><strong>nun·</strong></span> <span class='ocrx_word' id='word_1_455' title='bbox 1430 3543 1479 3609; x_wconf 90' lang='lat' dir='ltr'><strong>Ut</strong></span> <span class='ocrx_word' id='word_1_456' title='bbox 1499 3542 1540 3608; x_wconf 90' lang='lat' dir='ltr'><strong>ad</strong></span> <span class='ocrx_word' id='word_1_457' title='bbox 1563 3542 1740 3610; x_wconf 77' lang='lat' dir='ltr'><strong>Calvinum</strong></span> <span class='ocrx_word' id='word_1_458' title='bbox 1761 3543 1909 3624; x_wconf 88' lang='lat' dir='ltr'><strong>redeam,</strong></span> <span class='ocrx_word' id='word_1_459' title='bbox 1941 3566 2008 3612; x_wconf 93' lang='lat' dir='ltr'><strong>non</strong></span> <span class='ocrx_word' id='word_1_460' title='bbox 2031 3545 2082 3612; x_wconf 93' lang='lat' dir='ltr'><strong>his</strong></span> <span class='ocrx_word' id='word_1_461' title='bbox 2104 3547 2201 3614; x_wconf 91' lang='lat' dir='ltr'><strong>modo</strong></span> <span class='ocrx_word' id='word_1_462' title='bbox 2224 3549 2320 3629; x_wconf 87' lang='lat' dir='ltr'><strong>curis,</strong></span> <span class='ocrx_word' id='word_1_463' title='bbox 2411 3551 2412 3554; x_wconf 71' lang='grc'>’</span> 
     </span>
     <span class='ocr_line' id='line_1_37' title="bbox 322 3627 2320 3718; baseline 0 -20"><span class='ocrx_word' id='word_1_464' title='bbox 322 3653 420 3718; x_wconf 89' lang='lat' dir='ltr'><strong>quam</strong></span> <span class='ocrx_word' id='word_1_465' title='bbox 442 3633 483 3698; x_wconf 91' lang='lat' dir='ltr'><strong>ab</strong></span> <span class='ocrx_word' id='word_1_466' title='bbox 505 3651 542 3698; x_wconf 90' lang='lat' dir='ltr'><strong>eo</strong></span> <span class='ocrx_word' id='word_1_467' title='bbox 564 3630 751 3713; x_wconf 87' lang='lat' dir='ltr'><strong>extorqueri</strong></span> <span class='ocrx_word' id='word_1_468' title='bbox 778 3629 899 3712; x_wconf 89' lang='lat' dir='ltr'><strong>potuit,</strong></span> <span class='ocrx_word' id='word_1_469' title='bbox 927 3635 965 3694; x_wconf 89' lang='lat' dir='ltr'><strong>ut</strong></span> <span class='ocrx_word' id='word_1_470' title='bbox 991 3630 1047 3712; x_wconf 91' lang='lat' dir='ltr'><strong>qui</strong></span> <span class='ocrx_word' id='word_1_471' title='bbox 1073 3629 1158 3694; x_wconf 91' lang='lat' dir='ltr'><strong>nihil</strong></span> <span class='ocrx_word' id='word_1_472' title='bbox 1186 3630 1296 3696; x_wconf 90' lang='lat' dir='ltr'><strong>minus</strong></span> <span class='ocrx_word' id='word_1_473' title='bbox 1346 3627 1403 3694; x_wconf 91' lang='lat' dir='ltr'><strong>sed</strong></span> <span class='ocrx_word' id='word_1_474' title='bbox 1425 3627 1610 3696; x_wconf 88' lang='lat' dir='ltr'><strong>domesticis</strong></span> <span class='ocrx_word' id='word_1_475' title='bbox 1632 3631 1731 3696; x_wconf 92' lang='lat' dir='ltr'><strong>etiam</strong></span> <span class='ocrx_word' id='word_1_476' title='bbox 1753 3631 1962 3713; x_wconf 84' lang='lat' dir='ltr'><strong>externisque</strong></span> <span class='ocrx_word' id='word_1_477' title='bbox 1989 3631 2062 3698; x_wconf 92' lang='lat' dir='ltr'><strong>aliis</strong></span> <span class='ocrx_word' id='word_1_478' title='bbox 2090 3633 2203 3700; x_wconf 90' lang='lat' dir='ltr'><strong>multis</strong></span> <span class='ocrx_word' id='word_1_479' title='bbox 2226 3657 2320 3700; x_wconf 87' lang='lat' dir='ltr'><strong>exer-</strong></span> 
     </span>
     <span class='ocr_line' id='line_1_38' title="bbox 322 3713 2321 3802; baseline 0.001 -18"><span class='ocrx_word' id='word_1_480' title='bbox 322 3739 421 3802; x_wconf 87' lang='lat' dir='ltr'><strong>quam</strong></span> <span class='ocrx_word' id='word_1_481' title='bbox 439 3739 517 3801; x_wconf 89' lang='lat' dir='ltr'><strong>opes</strong></span> <span class='ocrx_word' id='word_1_482' title='bbox 535 3723 676 3782; x_wconf 91' lang='lat' dir='ltr'><strong>curaret.</strong></span> <span class='ocrx_word' id='word_1_483' title='bbox 709 3715 897 3780; x_wconf 90' lang='lat' dir='ltr'><strong>Restitutus</strong></span> <span class='ocrx_word' id='word_1_484' title='bbox 915 3723 1027 3780; x_wconf 91' lang='lat' dir='ltr'><strong>autem</strong></span> <span class='ocrx_word' id='word_1_485' title='bbox 1045 3715 1199 3781; x_wconf 88' lang='lat' dir='ltr'><strong>ecclesias</strong></span> <span class='ocrx_word' id='word_1_486' title='bbox 1216 3735 1296 3782; x_wconf 88' lang='lat' dir='ltr'><strong>suae</strong></span> <span class='ocrx_word' id='word_1_487' title='bbox 1346 3714 1490 3781; x_wconf 87' lang='lat' dir='ltr'><strong>cebatur.</strong></span> <span class='ocrx_word' id='word_1_488' title='bbox 1535 3713 1591 3782; x_wconf 83' lang='lat' dir='ltr'><strong>Sic</strong></span> <span class='ocrx_word' id='word_1_489' title='bbox 1618 3717 1707 3781; x_wconf 88' lang='lat' dir='ltr'><strong>enim</strong></span> <span class='ocrx_word' id='word_1_490' title='bbox 1729 3717 1891 3782; x_wconf 89' lang='lat' dir='ltr'><strong>Dominus</strong></span> <span class='ocrx_word' id='word_1_491' title='bbox 1920 3717 2132 3784; x_wconf 87' lang='lat' dir='ltr'><strong>benedicebat</strong></span> <span class='ocrx_word' id='word_1_492' title='bbox 2162 3721 2234 3786; x_wconf 91' lang='lat' dir='ltr'><strong>eius</strong></span> <span class='ocrx_word' id='word_1_493' title='bbox 2261 3721 2321 3785; x_wconf 84' lang='lat' dir='ltr'><strong>mi·</strong></span> 
     </span>
     <span class='ocr_line' id='line_1_39' title="bbox 322 3799 2320 3889; baseline 0.001 -19"><span class='ocrx_word' id='word_1_494' title='bbox 322 3804 488 3889; x_wconf 74' lang='lat' dir='ltr'><strong>{legitemi</strong></span> <span class='ocrx_word' id='word_1_495' title='bbox 509 3801 670 3869; x_wconf 76' lang='lat' dir='ltr'><strong>Calvinus</strong></span> <span class='ocrx_word' id='word_1_496' title='bbox 692 3799 779 3866; x_wconf 88' lang='lat' dir='ltr'><strong>hanc</strong></span> <span class='ocrx_word' id='word_1_497' title='bbox 807 3801 843 3865; x_wconf 91' lang='lat' dir='ltr'><strong>in</strong></span> <span class='ocrx_word' id='word_1_498' title='bbox 872 3799 962 3865; x_wconf 91' lang='lat' dir='ltr'><strong>illius</strong></span> <span class='ocrx_word' id='word_1_499' title='bbox 984 3801 1221 3866; x_wconf 85' lang='lat' dir='ltr'><strong>instauratione</strong></span> <span class='ocrx_word' id='word_1_500' title='bbox 1243 3821 1296 3866; x_wconf 93' lang='lat' dir='ltr'><strong>ra·</strong></span> <span class='ocrx_word' id='word_1_501' title='bbox 1346 3799 1497 3878; x_wconf 88' lang='lat' dir='ltr'><strong>nisterio,</strong></span> <span class='ocrx_word' id='word_1_502' title='bbox 1531 3809 1569 3866; x_wconf 93' lang='lat' dir='ltr'><strong>ut</strong></span> <span class='ocrx_word' id='word_1_503' title='bbox 1600 3823 1641 3866; x_wconf 86' lang='lat' dir='ltr'><strong>ex</strong></span> <span class='ocrx_word' id='word_1_504' title='bbox 1675 3803 1827 3868; x_wconf 90' lang='lat' dir='ltr'><strong>omnibus</strong></span> <span class='ocrx_word' id='word_1_505' title='bbox 1854 3801 1942 3867; x_wconf 91' lang='lat' dir='ltr'><strong>orbis</strong></span> <span class='ocrx_word' id='word_1_506' title='bbox 1970 3803 2142 3869; x_wconf 88' lang='lat' dir='ltr'><strong>christiani</strong></span> <span class='ocrx_word' id='word_1_507' title='bbox 2171 3807 2320 3888; x_wconf 89' lang='lat' dir='ltr'><strong>partibus</strong></span> 
     </span>
     <span class='ocr_line' id='line_1_40' title="bbox 324 3885 2320 3976; baseline 0 -21"><span class='ocrx_word' id='word_1_508' title='bbox 324 3890 445 3955; x_wconf 69' lang='lat' dir='ltr'><strong>donem</strong></span> <span class='ocrx_word' id='word_1_509' title='bbox 468 3889 584 3966; x_wconf 85' lang='lat' dir='ltr'><strong>tenuit,</strong></span> <span class='ocrx_word' id='word_1_510' title='bbox 606 3894 653 3966; x_wconf 89' lang='lat' dir='ltr'><strong>ut,</strong></span> <span class='ocrx_word' id='word_1_511' title='bbox 675 3885 762 3969; x_wconf 90' lang='lat' dir='ltr'><strong>quod</strong></span> <span class='ocrx_word' id='word_1_512' title='bbox 782 3906 854 3951; x_wconf 86' lang='lat' dir='ltr'><strong>eam</strong></span> <span class='ocrx_word' id='word_1_513' title='bbox 876 3885 993 3951; x_wconf 89' lang='lat' dir='ltr'><strong>urbem</strong></span> <span class='ocrx_word' id='word_1_514' title='bbox 1015 3885 1143 3952; x_wconf 85' lang='lat' dir='ltr'><strong>videret</strong></span> <span class='ocrx_word' id='word_1_515' title='bbox 1164 3887 1296 3951; x_wconf 91' lang='lat' dir='ltr'><strong>omniuo</strong></span> <span class='ocrx_word' id='word_1_516' title='bbox 1346 3885 1466 3969; x_wconf 87' lang='lat' dir='ltr'><strong>partim</strong></span> <span class='ocrx_word' id='word_1_517' title='bbox 1484 3887 1553 3952; x_wconf 90' lang='lat' dir='ltr'><strong>eiua</strong></span> <span class='ocrx_word' id='word_1_518' title='bbox 1570 3885 1742 3952; x_wconf 90' lang='lat' dir='ltr'><strong>consilium</strong></span> <span class='ocrx_word' id='word_1_519' title='bbox 1756 3889 1791 3952; x_wconf 92' lang='lat' dir='ltr'><strong>iu</strong></span> <span class='ocrx_word' id='word_1_520' title='bbox 1803 3909 1901 3954; x_wconf 91' lang='lat' dir='ltr'><strong>causa</strong></span> <span class='ocrx_word' id='word_1_521' title='bbox 1911 3887 2078 3971; x_wconf 89' lang='lat' dir='ltr'><strong>religionis</strong></span> <span class='ocrx_word' id='word_1_522' title='bbox 2089 3889 2320 3976; x_wconf 87' lang='lat' dir='ltr'><strong>efflagitarent,</strong></span> 
     </span>
    </p>
   </div>
   <div class='ocr_carea' id='block_1_3' title="bbox 323 3971 2411 4121">
    <p class='ocr_par' dir='ltr' id='par_1_4' title="bbox 323 3971 2411 4121">
     <span class='ocr_line' id='line_1_41' title="bbox 323 3971 2411 4121; baseline -0.001 -79"><span class='ocrx_word' id='word_1_523' title='bbox 323 3977 376 4042; x_wconf 92' lang='lat' dir='ltr'><strong>his</strong></span> <span class='ocrx_word' id='word_1_524' title='bbox 393 3977 514 4041; x_wconf 81' lang='lat' dir='ltr'><strong>fraenis</strong></span> <span class='ocrx_word' id='word_1_525' title='bbox 531 3972 690 4057; x_wconf 88' lang='lat' dir='ltr'><strong>indigere,</strong></span> <span class='ocrx_word' id='word_1_526' title='bbox 708 3979 884 4037; x_wconf 87' lang='lat' dir='ltr'><strong>testaretur</strong></span> <span class='ocrx_word' id='word_1_527' title='bbox 901 3972 1053 4056; x_wconf 90' lang='lat' dir='ltr'><strong>inprimis</strong></span> <span class='ocrx_word' id='word_1_528' title='bbox 1072 3992 1107 4037; x_wconf 91' lang='lat' dir='ltr'><strong>se</strong></span> <span class='ocrx_word' id='word_1_529' title='bbox 1118 3993 1185 4037; x_wconf 92' lang='lat' dir='ltr'><strong>non</strong></span> <span class='ocrx_word' id='word_1_530' title='bbox 1203 3993 1297 4055; x_wconf 92' lang='lat' dir='ltr'><strong>posse</strong></span> <span class='ocrx_word' id='word_1_531' title='bbox 1346 3971 1466 4121; x_wconf 69' lang='lat' dir='ltr'><strong>partim</strong></span> <span class='ocrx_word' id='word_1_532' title='bbox 1496 3972 1537 4037; x_wconf 91' lang='lat' dir='ltr'><strong>ad</strong></span> <span class='ocrx_word' id='word_1_533' title='bbox 1564 3993 1639 4038; x_wconf 89' lang='lat' dir='ltr'><strong>eum</strong></span> <span class='ocrx_word' id='word_1_534' title='bbox 1670 3972 1868 4039; x_wconf 91' lang='lat' dir='ltr'><strong>audiendum</strong></span> <span class='ocrx_word' id='word_1_535' title='bbox 1897 3985 2143 4055; x_wconf 89' lang='lat' dir='ltr'><strong>concurrerent,</strong></span> <span class='ocrx_word' id='word_1_536' title='bbox 2173 3977 2255 4044; x_wconf 91' lang='lat' dir='ltr'><strong>adeo</strong></span> <span class='ocrx_word' id='word_1_537' title='bbox 2283 3987 2321 4042; x_wconf 92' lang='lat' dir='ltr'><strong>ut</strong></span> <span class='ocrx_word' id='word_1_538' title='bbox 2410 4013 2411 4034; x_wconf 66' lang='grc' dir='ltr'>ι</span> 
     </span>
    </p>
   </div>
   <div class='ocr_carea' id='block_1_4' title="bbox 324 4043 2411 5174">
    <p class='ocr_par' dir='ltr' id='par_1_5' title="bbox 324 4043 2411 4744">
     <span class='ocr_line' id='line_1_42' title="bbox 324 4043 2411 4144; baseline 0.001 -18"><span class='ocrx_word' id='word_1_539' title='bbox 324 4061 506 4127; x_wconf 90' lang='lat' dir='ltr'><strong>ministerio</strong></span> <span class='ocrx_word' id='word_1_540' title='bbox 534 4080 594 4125; x_wconf 89' lang='lat' dir='ltr'><strong>suo</strong></span> <span class='ocrx_word' id='word_1_541' title='bbox 622 4057 686 4122; x_wconf 90' lang='lat' dir='ltr'><strong>rite</strong></span> <span class='ocrx_word' id='word_1_542' title='bbox 714 4057 823 4142; x_wconf 88' lang='lat' dir='ltr'><strong>fungi,</strong></span> <span class='ocrx_word' id='word_1_543' title='bbox 857 4057 922 4124; x_wconf 89' lang='lat' dir='ltr'><strong>nisi</strong></span> <span class='ocrx_word' id='word_1_544' title='bbox 948 4078 1016 4123; x_wconf 88' lang='lat' dir='ltr'><strong>una</strong></span> <span class='ocrx_word' id='word_1_545' title='bbox 1045 4079 1119 4124; x_wconf 93' lang='lat' dir='ltr'><strong>cum</strong></span> <span class='ocrx_word' id='word_1_546' title='bbox 1149 4058 1297 4123; x_wconf 87' lang='lat' dir='ltr'><strong>doctrina</strong></span> <span class='ocrx_word' id='word_1_547' title='bbox 1366 4057 1512 4137; x_wconf 80' lang='lat' dir='ltr'><strong>salicam,</strong></span> <span class='ocrx_word' id='word_1_548' title='bbox 1536 4059 1725 4143; x_wconf 85' lang='lat' dir='ltr'><strong>Anglioom,</strong></span> <span class='ocrx_word' id='word_1_549' title='bbox 1747 4059 1959 4142; x_wconf 80' lang='lat' dir='ltr'><strong>Hispanicum</strong></span> <span class='ocrx_word' id='word_1_550' title='bbox 1987 4059 2126 4144; x_wconf 89' lang='lat' dir='ltr'><strong>denique</strong></span> <span class='ocrx_word' id='word_1_551' title='bbox 2148 4063 2321 4130; x_wconf 89' lang='lat' dir='ltr'><strong>ecclesiam</strong></span> <span class='ocrx_word' id='word_1_552' title='bbox 2410 4043 2411 4077; x_wconf 62' lang='lat'>³</span> 
     </span>
     <span class='ocr_line' id='line_1_43' title="bbox 325 4142 2322 4231; baseline 0.001 -17"><span class='ocrx_word' id='word_1_553' title='bbox 325 4147 505 4214; x_wconf 89' lang='lat' dir='ltr'><strong>christiana</strong></span> <span class='ocrx_word' id='word_1_554' title='bbox 544 4143 786 4228; x_wconf 86' lang='lat' dir='ltr'><strong>presbyterium</strong></span> <span class='ocrx_word' id='word_1_555' title='bbox 828 4163 955 4226; x_wconf 88' lang='lat' dir='ltr'><strong>quoque</strong></span> <span class='ocrx_word' id='word_1_556' title='bbox 996 4143 1181 4228; x_wconf 90' lang='lat' dir='ltr'><strong>legitimum</strong></span> <span class='ocrx_word' id='word_1_557' title='bbox 1221 4165 1297 4210; x_wconf 91' lang='lat' dir='ltr'><strong>cum</strong></span> <span class='ocrx_word' id='word_1_558' title='bbox 1348 4142 1506 4210; x_wconf 82' lang='lat' dir='ltr'><strong>Genavae</strong></span> <span class='ocrx_word' id='word_1_559' title='bbox 1526 4144 1720 4222; x_wconf 81' lang='lat' dir='ltr'><strong>viderimus,</strong></span> <span class='ocrx_word' id='word_1_560' title='bbox 1750 4165 1856 4229; x_wconf 88' lang='lat' dir='ltr'><strong>neque</strong></span> <span class='ocrx_word' id='word_1_561' title='bbox 1878 4153 1928 4210; x_wconf 89' lang='lat' dir='ltr'><strong>tot</strong></span> <span class='ocrx_word' id='word_1_562' title='bbox 1950 4145 2114 4228; x_wconf 85' lang='lat' dir='ltr'><strong>capiendis</strong></span> <span class='ocrx_word' id='word_1_563' title='bbox 2137 4147 2322 4231; x_wconf 88' lang='lat' dir='ltr'><strong>hospitibus</strong></span> 
     </span>
     <span class='ocr_line' id='line_1_44' title="bbox 326 4228 2321 4322; baseline 0.002 -26"><span class='ocrx_word' id='word_1_564' title='bbox 326 4231 446 4322; x_wconf 62' lang='grc' dir='ltr'><strong>ἀταξίᾳ</strong></span> <span class='ocrx_word' id='word_1_565' title='bbox 475 4231 691 4297; x_wconf 89' lang='lat' dir='ltr'><strong>ecclesiastica</strong></span> <span class='ocrx_word' id='word_1_566' title='bbox 718 4228 929 4312; x_wconf 89' lang='lat' dir='ltr'><strong>reciperetur.</strong></span> <span class='ocrx_word' id='word_1_567' title='bbox 973 4229 1059 4294; x_wconf 72' lang='lat' dir='ltr'><strong>Tum</strong></span> <span class='ocrx_word' id='word_1_568' title='bbox 1089 4229 1190 4314; x_wconf 91' lang='lat' dir='ltr'><strong>igitur</strong></span> <span class='ocrx_word' id='word_1_569' title='bbox 1219 4231 1298 4313; x_wconf 93' lang='lat' dir='ltr'><strong>(qua</strong></span> <span class='ocrx_word' id='word_1_570' title='bbox 1348 4229 1499 4295; x_wconf 85' lang='lat' dir='ltr'><strong>sufficere</strong></span> <span class='ocrx_word' id='word_1_571' title='bbox 1527 4250 1716 4313; x_wconf 90' lang='lat' dir='ltr'><strong>possenna</strong></span> <span class='ocrx_word' id='word_1_572' title='bbox 1744 4231 1862 4296; x_wconf 86' lang='lat' dir='ltr'><strong>civitas</strong></span> <span class='ocrx_word' id='word_1_573' title='bbox 1891 4230 2065 4298; x_wconf 84' lang='lat' dir='ltr'><strong>videretur.</strong></span> <span class='ocrx_word' id='word_1_574' title='bbox 2114 4231 2214 4298; x_wconf 90' lang='lat' dir='ltr'><strong>Domi</strong></span> <span class='ocrx_word' id='word_1_575' title='bbox 2242 4255 2321 4302; x_wconf 86' lang='lat' dir='ltr'><strong>vero</strong></span> 
     </span>
     <span class='ocr_line' id='line_1_45' title="bbox 327 4314 2321 4400; baseline 0.001 -18"><span class='ocrx_word' id='word_1_576' title='bbox 327 4319 367 4383; x_wconf 90' lang='lat' dir='ltr'><strong>de</strong></span> <span class='ocrx_word' id='word_1_577' title='bbox 389 4339 425 4382; x_wconf 90' lang='lat' dir='ltr'><strong>re</strong></span> <span class='ocrx_word' id='word_1_578' title='bbox 447 4339 524 4382; x_wconf 88' lang='lat' dir='ltr'><strong>mox</strong></span> <span class='ocrx_word' id='word_1_579' title='bbox 545 4315 673 4400; x_wconf 89' lang='lat' dir='ltr'><strong>plenius</strong></span> <span class='ocrx_word' id='word_1_580' title='bbox 695 4314 854 4396; x_wconf 90' lang='lat' dir='ltr'><strong>dicemus)</strong></span> <span class='ocrx_word' id='word_1_581' title='bbox 875 4322 909 4379; x_wconf 92' lang='lat' dir='ltr'><strong>et</strong></span> <span class='ocrx_word' id='word_1_582' title='bbox 929 4315 1194 4400; x_wconf 81' lang='lat' dir='ltr'><strong>presbyterorum</strong></span> <span class='ocrx_word' id='word_1_583' title='bbox 1217 4315 1297 4380; x_wconf 90' lang='lat' dir='ltr'><strong>deli·</strong></span> <span class='ocrx_word' id='word_1_584' title='bbox 1348 4315 1410 4380; x_wconf 91' lang='lat' dir='ltr'><strong>etsi</strong></span> <span class='ocrx_word' id='word_1_585' title='bbox 1432 4337 1451 4379; x_wconf 89' lang='lat' dir='ltr'><strong>a</strong></span> <span class='ocrx_word' id='word_1_586' title='bbox 1472 4315 1567 4380; x_wconf 90' lang='lat' dir='ltr'><strong>bonis</strong></span> <span class='ocrx_word' id='word_1_587' title='bbox 1587 4315 1765 4394; x_wconf 89' lang='lat' dir='ltr'><strong>colebatur,</strong></span> <span class='ocrx_word' id='word_1_588' title='bbox 1794 4317 1834 4382; x_wconf 90' lang='lat' dir='ltr'><strong>ab</strong></span> <span class='ocrx_word' id='word_1_589' title='bbox 1856 4317 2012 4400; x_wconf 89' lang='lat' dir='ltr'><strong>improbis</strong></span> <span class='ocrx_word' id='word_1_590' title='bbox 2033 4320 2257 4400; x_wconf 88' lang='lat' dir='ltr'><strong>metuebatur,</strong></span> <span class='ocrx_word' id='word_1_591' title='bbox 2289 4328 2321 4386; x_wconf 88' lang='lat' dir='ltr'><strong>st</strong></span> 
     </span>
     <span class='ocr_line' id='line_1_46' title="bbox 327 4397 2410 4490; baseline 0.001 -20"><span class='ocrx_word' id='word_1_592' title='bbox 327 4403 508 4490; x_wconf 85' lang='lat' dir='ltr'><strong>gendarum</strong></span> <span class='ocrx_word' id='word_1_593' title='bbox 528 4411 562 4467; x_wconf 88' lang='lat' dir='ltr'><strong>et</strong></span> <span class='ocrx_word' id='word_1_594' title='bbox 583 4401 683 4466; x_wconf 89' lang='lat' dir='ltr'><strong>totius</strong></span> <span class='ocrx_word' id='word_1_595' title='bbox 702 4399 789 4465; x_wconf 88' lang='lat' dir='ltr'><strong>illius</strong></span> <span class='ocrx_word' id='word_1_596' title='bbox 810 4398 934 4466; x_wconf 92' lang='lat' dir='ltr'><strong>ordinis</strong></span> <span class='ocrx_word' id='word_1_597' title='bbox 950 4397 1042 4484; x_wconf 86' lang='lat' dir='ltr'><strong>leges</strong></span> <span class='ocrx_word' id='word_1_598' title='bbox 1055 4399 1200 4484; x_wconf 88' lang='lat' dir='ltr'><strong>perlatae</strong></span> <span class='ocrx_word' id='word_1_599' title='bbox 1222 4409 1299 4466; x_wconf 92' lang='lat' dir='ltr'><strong>sunt</strong></span> <span class='ocrx_word' id='word_1_600' title='bbox 1348 4401 1469 4484; x_wconf 90' lang='lat' dir='ltr'><strong>optime</strong></span> <span class='ocrx_word' id='word_1_601' title='bbox 1487 4422 1539 4466; x_wconf 90' lang='lat' dir='ltr'><strong>res</strong></span> <span class='ocrx_word' id='word_1_602' title='bbox 1557 4413 1651 4467; x_wconf 89' lang='lat' dir='ltr'><strong>erant</strong></span> <span class='ocrx_word' id='word_1_603' title='bbox 1668 4402 1873 4480; x_wconf 87' lang='lat' dir='ltr'><strong>constitutae,</strong></span> <span class='ocrx_word' id='word_1_604' title='bbox 1897 4423 1964 4467; x_wconf 93' lang='lat' dir='ltr'><strong>non</strong></span> <span class='ocrx_word' id='word_1_605' title='bbox 1982 4401 2118 4468; x_wconf 87' lang='lat' dir='ltr'><strong>deerant</strong></span> <span class='ocrx_word' id='word_1_606' title='bbox 2136 4415 2245 4471; x_wconf 63' lang='lat' dir='ltr'><strong>amen</strong></span> <span class='ocrx_word' id='word_1_607' title='bbox 2264 4405 2320 4488; x_wconf 91' lang='lat' dir='ltr'><strong>qni</strong></span> <span class='ocrx_word' id='word_1_608' title='bbox 2409 4471 2410 4474; x_wconf 73' lang='grc'>,</span> 
     </span>
     <span class='ocr_line' id='line_1_47' title="bbox 327 4486 2410 4575; baseline 0 -19"><span class='ocrx_word' id='word_1_609' title='bbox 327 4489 503 4557; x_wconf 82' lang='lat' dir='ltr'><strong>verboDei</strong></span> <span class='ocrx_word' id='word_1_610' title='bbox 525 4497 760 4555; x_wconf 88' lang='lat' dir='ltr'><strong>consentaneae</strong></span> <span class='ocrx_word' id='word_1_611' title='bbox 781 4494 815 4550; x_wconf 92' lang='lat' dir='ltr'><strong>et</strong></span> <span class='ocrx_word' id='word_1_612' title='bbox 831 4486 955 4552; x_wconf 89' lang='lat' dir='ltr'><strong>civibus</strong></span> <span class='ocrx_word' id='word_1_613' title='bbox 977 4486 1056 4568; x_wconf 90' lang='lat' dir='ltr'><strong>ipsis</strong></span> <span class='ocrx_word' id='word_1_614' title='bbox 1074 4495 1195 4569; x_wconf 87' lang='lat' dir='ltr'><strong>gratae,</strong></span> <span class='ocrx_word' id='word_1_615' title='bbox 1217 4507 1298 4570; x_wconf 91' lang='lat' dir='ltr'><strong>quas</strong></span> <span class='ocrx_word' id='word_1_616' title='bbox 1348 4499 1481 4552; x_wconf 84' lang='lat' dir='ltr'><strong>strenue</strong></span> <span class='ocrx_word' id='word_1_617' title='bbox 1498 4486 1591 4551; x_wconf 92' lang='lat' dir='ltr'><strong>illum</strong></span> <span class='ocrx_word' id='word_1_618' title='bbox 1609 4499 1806 4553; x_wconf 88' lang='lat' dir='ltr'><strong>exercerent.</strong></span> <span class='ocrx_word' id='word_1_619' title='bbox 1841 4487 1935 4569; x_wconf 80' lang='lat' dir='ltr'><strong>Quae</strong></span> <span class='ocrx_word' id='word_1_620' title='bbox 1953 4489 2132 4555; x_wconf 87' lang='lat' dir='ltr'><strong>certamina</strong></span> <span class='ocrx_word' id='word_1_621' title='bbox 2149 4491 2322 4575; x_wconf 90' lang='lat' dir='ltr'><strong>sigillatim</strong></span> <span class='ocrx_word' id='word_1_622' title='bbox 2409 4503 2410 4518; x_wconf 65' lang='lat'>¹</span> 
     </span>
     <span class='ocr_line' id='line_1_48' title="bbox 370 4570 2322 4658; baseline 0.002 -18"><span class='ocrx_word' id='word_1_623' title='bbox 370 4583 439 4640; x_wconf 92' lang='lat' dir='ltr'><strong>stea</strong></span> <span class='ocrx_word' id='word_1_624' title='bbox 456 4573 548 4638; x_wconf 90' lang='lat' dir='ltr'><strong>miris</strong></span> <span class='ocrx_word' id='word_1_625' title='bbox 559 4570 664 4637; x_wconf 89' lang='lat' dir='ltr'><strong>modis</strong></span> <span class='ocrx_word' id='word_1_626' title='bbox 676 4570 780 4636; x_wconf 83' lang='lat' dir='ltr'><strong>Satan</strong></span> <span class='ocrx_word' id='word_1_627' title='bbox 792 4571 948 4653; x_wconf 88' lang='lat' dir='ltr'><strong>abrogare</strong></span> <span class='ocrx_word' id='word_1_628' title='bbox 958 4572 1080 4637; x_wconf 89' lang='lat' dir='ltr'><strong>frustra</strong></span> <span class='ocrx_word' id='word_1_629' title='bbox 1091 4579 1142 4638; x_wconf 88' lang='lat' dir='ltr'><strong>est</strong></span> <span class='ocrx_word' id='word_1_630' title='bbox 1153 4581 1298 4638; x_wconf 90' lang='lat' dir='ltr'><strong>conatus.</strong></span> <span class='ocrx_word' id='word_1_631' title='bbox 1348 4571 1592 4654; x_wconf 87' lang='lat' dir='ltr'><strong>explicabimus,</strong></span> <span class='ocrx_word' id='word_1_632' title='bbox 1607 4583 1644 4638; x_wconf 92' lang='lat' dir='ltr'><strong>ut</strong></span> <span class='ocrx_word' id='word_1_633' title='bbox 1655 4573 1796 4639; x_wconf 87' lang='lat' dir='ltr'><strong>habeant</strong></span> <span class='ocrx_word' id='word_1_634' title='bbox 1807 4575 1929 4656; x_wconf 88' lang='lat' dir='ltr'><strong>posteri</strong></span> <span class='ocrx_word' id='word_1_635' title='bbox 1940 4575 2107 4658; x_wconf 88' lang='lat' dir='ltr'><strong>singulare</strong></span> <span class='ocrx_word' id='word_1_636' title='bbox 2117 4576 2322 4643; x_wconf 86' lang='lat' dir='ltr'><strong>fortitudinis</strong></span> 
     </span>
     <span class='ocr_line' id='line_1_49' title="bbox 356 4654 2071 4744; baseline -0.001 -18"><span class='ocrx_word' id='word_1_637' title='bbox 356 4661 470 4744; x_wconf 87' lang='lat' dir='ltr'><strong>cripsit</strong></span> <span class='ocrx_word' id='word_1_638' title='bbox 486 4679 614 4743; x_wconf 90' lang='lat' dir='ltr'><strong>quoquc</strong></span> <span class='ocrx_word' id='word_1_639' title='bbox 634 4654 682 4743; x_wconf 86' lang='lat' dir='ltr'><strong>[B</strong></span> <span class='ocrx_word' id='word_1_640' title='bbox 694 4654 728 4743; x_wconf 85' lang='lat'><strong>3]</strong></span> <span class='ocrx_word' id='word_1_641' title='bbox 741 4655 985 4722; x_wconf 70' lang='lat' dir='ltr'><strong>catechismum</strong></span> <span class='ocrx_word' id='word_1_642' title='bbox 1002 4657 1116 4738; x_wconf 88' lang='lat' dir='ltr'><strong>gallice</strong></span> <span class='ocrx_word' id='word_1_643' title='bbox 1134 4667 1167 4723; x_wconf 89' lang='lat' dir='ltr'><strong>et</strong></span> <span class='ocrx_word' id='word_1_644' title='bbox 1187 4657 1299 4735; x_wconf 88' lang='lat' dir='ltr'><strong>latine,</strong></span> <span class='ocrx_word' id='word_1_645' title='bbox 1350 4658 1536 4740; x_wconf 90' lang='lat' dir='ltr'><strong>exemplum</strong></span> <span class='ocrx_word' id='word_1_646' title='bbox 1557 4658 1642 4741; x_wconf 91' lang='lat' dir='ltr'><strong>quod</strong></span> <span class='ocrx_word' id='word_1_647' title='bbox 1664 4679 1722 4742; x_wconf 91' lang='lat' dir='ltr'><strong>pro</strong></span> <span class='ocrx_word' id='word_1_648' title='bbox 1744 4659 1870 4726; x_wconf 82' lang='lat' dir='ltr'><strong>viribus</strong></span> <span class='ocrx_word' id='word_1_649' title='bbox 1891 4660 2071 4725; x_wconf 87' lang='lat' dir='ltr'><strong>imitentur.</strong></span> 
     </span>
    </p>

    <p class='ocr_par' dir='ltr' id='par_1_6' title="bbox 329 4740 2409 5090">
     <span class='ocr_line' id='line_1_50' title="bbox 329 4740 2321 4832; baseline 0.001 -19"><span class='ocrx_word' id='word_1_650' title='bbox 329 4747 371 4814; x_wconf 92' lang='lat' dir='ltr'><strong>ab</strong></span> <span class='ocrx_word' id='word_1_651' title='bbox 392 4747 449 4812; x_wconf 93' lang='lat' dir='ltr'><strong>illo</strong></span> <span class='ocrx_word' id='word_1_652' title='bbox 470 4746 579 4828; x_wconf 89' lang='lat' dir='ltr'><strong>priore</strong></span> <span class='ocrx_word' id='word_1_653' title='bbox 596 4743 732 4807; x_wconf 91' lang='lat' dir='ltr'><strong>minime</strong></span> <span class='ocrx_word' id='word_1_654' title='bbox 754 4740 1001 4828; x_wconf 89' lang='lat' dir='ltr'><strong>discrepantem,</strong></span> <span class='ocrx_word' id='word_1_655' title='bbox 1024 4743 1080 4809; x_wconf 88' lang='lat' dir='ltr'><strong>sed</strong></span> <span class='ocrx_word' id='word_1_656' title='bbox 1098 4743 1202 4810; x_wconf 90' lang='lat' dir='ltr'><strong>multo</strong></span> <span class='ocrx_word' id='word_1_657' title='bbox 1224 4765 1299 4808; x_wconf 91' lang='lat' dir='ltr'><strong>auc·</strong></span> <span class='ocrx_word' id='word_1_658' title='bbox 1435 4743 1543 4827; x_wconf 87' lang='lat' dir='ltr'><strong>Igitur</strong></span> <span class='ocrx_word' id='word_1_659' title='bbox 1564 4753 1600 4809; x_wconf 92' lang='lat' dir='ltr'><strong>ut</strong></span> <span class='ocrx_word' id='word_1_660' title='bbox 1621 4743 1663 4810; x_wconf 89' lang='lat' dir='ltr'><strong>ad</strong></span> <span class='ocrx_word' id='word_1_661' title='bbox 1684 4744 1856 4810; x_wconf 88' lang='lat' dir='ltr'><strong>historiam</strong></span> <span class='ocrx_word' id='word_1_662' title='bbox 1883 4745 2071 4824; x_wconf 89' lang='lat' dir='ltr'><strong>redeamus,</strong></span> <span class='ocrx_word' id='word_1_663' title='bbox 2101 4747 2200 4812; x_wconf 89' lang='lat' dir='ltr'><strong>simul</strong></span> <span class='ocrx_word' id='word_1_664' title='bbox 2222 4757 2321 4832; x_wconf 90' lang='lat' dir='ltr'><strong>atque</strong></span> 
     </span>
     <span class='ocr_line' id='line_1_51' title="bbox 329 4827 2409 4918; baseline 0 -19"><span class='ocrx_word' id='word_1_665' title='bbox 329 4834 490 4899; x_wconf 89' lang='lat' dir='ltr'><strong>tioremet</strong></span> <span class='ocrx_word' id='word_1_666' title='bbox 506 4831 542 4895; x_wconf 93' lang='lat' dir='ltr'><strong>in</strong></span> <span class='ocrx_word' id='word_1_667' title='bbox 559 4827 766 4912; x_wconf 88' lang='lat' dir='ltr'><strong>quaestiones</strong></span> <span class='ocrx_word' id='word_1_668' title='bbox 780 4848 818 4894; x_wconf 89' lang='lat' dir='ltr'><strong>ao</strong></span> <span class='ocrx_word' id='word_1_669' title='bbox 835 4829 1059 4911; x_wconf 89' lang='lat' dir='ltr'><strong>responsiones</strong></span> <span class='ocrx_word' id='word_1_670' title='bbox 1075 4829 1299 4894; x_wconf 87' lang='lat' dir='ltr'><strong>distributum:</strong></span> <span class='ocrx_word' id='word_1_671' title='bbox 1350 4829 1385 4894; x_wconf 93' lang='lat' dir='ltr'><strong>in</strong></span> <span class='ocrx_word' id='word_1_672' title='bbox 1407 4828 1522 4896; x_wconf 86' lang='lat' dir='ltr'><strong>urbem</strong></span> <span class='ocrx_word' id='word_1_673' title='bbox 1544 4828 1649 4910; x_wconf 88' lang='lat' dir='ltr'><strong>rediit,</strong></span> <span class='ocrx_word' id='word_1_674' title='bbox 1671 4835 1796 4896; x_wconf 88' lang='lat' dir='ltr'><strong>memor</strong></span> <span class='ocrx_word' id='word_1_675' title='bbox 1817 4831 1906 4896; x_wconf 91' lang='lat' dir='ltr'><strong>illius</strong></span> <span class='ocrx_word' id='word_1_676' title='bbox 1928 4833 2110 4898; x_wconf 89' lang='lat' dir='ltr'><strong>sententiae</strong></span> <span class='ocrx_word' id='word_1_677' title='bbox 2131 4833 2265 4910; x_wconf 86' lang='lat' dir='ltr'><strong>(Matth.</strong></span> <span class='ocrx_word' id='word_1_678' title='bbox 2291 4839 2322 4916; x_wconf 87' lang='grc'><strong>6,</strong></span> <span class='ocrx_word' id='word_1_679' title='bbox 2408 4897 2409 4918; x_wconf 70' lang='lat'><strong>,</strong></span> 
     </span>
     <span class='ocr_line' id='line_1_52' title="bbox 329 4912 2409 5003; baseline 0 -19"><span class='ocrx_word' id='word_1_680' title='bbox 329 4939 425 5003; x_wconf 91' lang='lat' dir='ltr'><strong>quem</strong></span> <span class='ocrx_word' id='word_1_681' title='bbox 440 4915 661 4982; x_wconf 88' lang='lat' dir='ltr'><strong>meritonobis</strong></span> <span class='ocrx_word' id='word_1_682' title='bbox 678 4912 775 4980; x_wconf 90' lang='lat' dir='ltr'><strong>liceat</strong></span> <span class='ocrx_word' id='word_1_683' title='bbox 792 4913 1020 4980; x_wconf 87' lang='lat' dir='ltr'><strong>admirandum</strong></span> <span class='ocrx_word' id='word_1_684' title='bbox 1039 4913 1201 4998; x_wconf 90' lang='lat' dir='ltr'><strong>quoddam</strong></span> <span class='ocrx_word' id='word_1_685' title='bbox 1220 4935 1301 5000; x_wconf 89' lang='lat' dir='ltr'><strong>opus</strong></span> <span class='ocrx_word' id='word_1_686' title='bbox 1351 4935 1381 4979; x_wconf 85' lang='lat' dir='ltr'><strong>v.</strong></span> <span class='ocrx_word' id='word_1_687' title='bbox 1411 4915 1467 4997; x_wconf 82' lang='lat'><strong>33)</strong></span> <span class='ocrx_word' id='word_1_688' title='bbox 1494 4915 1715 4998; x_wconf 87' lang='lat' dir='ltr'><strong>quaerendum</strong></span> <span class='ocrx_word' id='word_1_689' title='bbox 1747 4937 1818 4982; x_wconf 89' lang='lat' dir='ltr'><strong>esse</strong></span> <span class='ocrx_word' id='word_1_690' title='bbox 1850 4917 1993 5002; x_wconf 88' lang='lat' dir='ltr'><strong>primum</strong></span> <span class='ocrx_word' id='word_1_691' title='bbox 2021 4939 2162 5002; x_wconf 91' lang='lat' dir='ltr'><strong>regnum</strong></span> <span class='ocrx_word' id='word_1_692' title='bbox 2191 4919 2254 4986; x_wconf 89' lang='lat' dir='ltr'><strong>Dei</strong></span> <span class='ocrx_word' id='word_1_693' title='bbox 2285 4929 2323 4985; x_wconf 91' lang='lat' dir='ltr'><strong>ut</strong></span> <span class='ocrx_word' id='word_1_694' title='bbox 2408 4929 2409 4976; x_wconf 70' lang='lat' dir='ltr'><strong>l</strong></span> 
     </span>
     <span class='ocr_line' id='line_1_53' title="bbox 1352 5001 2322 5090; baseline 0.005 -24"><span class='ocrx_word' id='word_1_695' title='bbox 1352 5010 1481 5066; x_wconf 86' lang='lat' dir='ltr'><strong>caetera</strong></span> <span class='ocrx_word' id='word_1_696' title='bbox 1509 5001 1719 5080; x_wconf 79' lang='lat' dir='ltr'><strong>adlicientur,</strong></span> <span class='ocrx_word' id='word_1_697' title='bbox 1753 5001 1836 5068; x_wconf 90' lang='lat' dir='ltr'><strong>nihil</strong></span> <span class='ocrx_word' id='word_1_698' title='bbox 1866 5003 1981 5070; x_wconf 88' lang='lat' dir='ltr'><strong>habuit</strong></span> <span class='ocrx_word' id='word_1_699' title='bbox 2009 5005 2189 5086; x_wconf 91' lang='lat' dir='ltr'><strong>antiquius,</strong></span> <span class='ocrx_word' id='word_1_700' title='bbox 2222 5027 2322 5090; x_wconf 89' lang='lat' dir='ltr'><strong>quam</strong></span> 
     </span>
    </p>

    <p class='ocr_par' dir='ltr' id='par_1_7' title="bbox 1353 5087 2321 5174">
     <span class='ocr_line' id='line_1_54' title="bbox 1353 5087 2321 5174; baseline 0.004 -24"><span class='ocrx_word' id='word_1_701' title='bbox 1353 5095 1390 5151; x_wconf 92' lang='lat' dir='ltr'><strong>ut</strong></span> <span class='ocrx_word' id='word_1_702' title='bbox 1429 5087 1662 5154; x_wconf 88' lang='lat' dir='ltr'><strong>ecclesiasticae</strong></span> <span class='ocrx_word' id='word_1_703' title='bbox 1701 5087 1833 5171; x_wconf 89' lang='lat' dir='ltr'><strong>politiae</strong></span> <span class='ocrx_word' id='word_1_704' title='bbox 1871 5089 1961 5174; x_wconf 90' lang='lat' dir='ltr'><strong>leges</strong></span> <span class='ocrx_word' id='word_1_705' title='bbox 2001 5089 2100 5156; x_wconf 78' lang='lat' dir='ltr'><strong>verbo</strong></span> <span class='ocrx_word' id='word_1_706' title='bbox 2140 5089 2204 5155; x_wconf 92' lang='lat' dir='ltr'><strong>Dei</strong></span> <span class='ocrx_word' id='word_1_707' title='bbox 2242 5113 2321 5158; x_wconf 89' lang='lat' dir='ltr'><strong>con-</strong></span> 
     </span>
    </p>
   </div>
   <div class='ocr_carea' id='block_1_5' title="bbox 418 5176 2323 5293">
    <p class='ocr_par' dir='ltr' id='par_1_8' title="bbox 418 5176 2323 5293">
     <span class='ocr_line' id='line_1_55' title="bbox 418 5176 2323 5293; baseline -0.007 -38"><span class='ocrx_word' id='word_1_708' title='bbox 418 5225 432 5277; x_wconf 92' lang='lat'>1</span> <span class='ocrx_word' id='word_1_709' title='bbox 463 5226 568 5293; x_wconf 51' lang='lat' dir='ltr'><strong>hm„</strong></span> <span class='ocrx_word' id='word_1_710' title='bbox 585 5261 694 5274; x_wconf 42' lang='grc'><strong>,,,,,</strong></span> <span class='ocrx_word' id='word_1_711' title='bbox 713 5221 806 5276; x_wconf 75' lang='lat' dir='ltr'><strong>mittit</strong></span> <span class='ocrx_word' id='word_1_712' title='bbox 843 5220 917 5277; x_wconf 36' lang='lat' dir='ltr'><strong>EM·</strong></span> <span class='ocrx_word' id='word_1_713' title='bbox 936 5237 1002 5278; x_wconf 45' lang='lat' dir='ltr'><strong>m,</strong></span> <span class='ocrx_word' id='word_1_714' title='bbox 1352 5179 1527 5238; x_wconf 86' lang='lat' dir='ltr'><strong>sentaneae</strong></span> <span class='ocrx_word' id='word_1_715' title='bbox 1569 5181 1703 5239; x_wconf 88' lang='lat' dir='ltr'><strong>senatus</strong></span> <span class='ocrx_word' id='word_1_716' title='bbox 1745 5195 1907 5241; x_wconf 91' lang='lat' dir='ltr'><strong>consensu</strong></span> <span class='ocrx_word' id='word_1_717' title='bbox 1953 5176 2247 5259; x_wconf 87' lang='lat' dir='ltr'><strong>perscriberentur:</strong></span> <span class='ocrx_word' id='word_1_718' title='bbox 2304 5197 2323 5242; x_wconf 90' lang='lat' dir='ltr'><strong>a</strong></span> 
     </span>
    </p>
   </div>
   <div class='ocr_carea' id='block_1_6' title="bbox 330 5258 2408 5433">
    <p class='ocr_par' dir='ltr' id='par_1_9' title="bbox 330 5258 2408 5433">
     <span class='ocr_line' id='line_1_56' title="bbox 414 5258 2408 5374; baseline 0.003 -51"><span class='ocrx_word' id='word_1_719' title='bbox 414 5294 516 5374; x_wconf 48' lang='lat' dir='ltr'><strong>pq„</strong></span> <span class='ocrx_word' id='word_1_720' title='bbox 536 5308 569 5344; x_wconf 54' lang='grc' dir='ltr'><strong>θ,</strong></span> <span class='ocrx_word' id='word_1_721' title='bbox 587 5291 761 5360; x_wconf 59' lang='lat' dir='ltr'><strong>mim„</strong></span> <span class='ocrx_word' id='word_1_722' title='bbox 780 5291 1061 5372; x_wconf 41' lang='lat' dir='ltr'><strong>dmmqoggngbgu,</strong></span> <span class='ocrx_word' id='word_1_723' title='bbox 1078 5289 1106 5345; x_wconf 50' lang='grc' dir='ltr'><strong>ο,</strong></span> <span class='ocrx_word' id='word_1_724' title='bbox 1125 5289 1301 5346; x_wconf 53' lang='lat' dir='ltr'><strong>mimum</strong></span> <span class='ocrx_word' id='word_1_725' title='bbox 1353 5258 1480 5358; x_wconf 41' lang='lat' dir='ltr'><strong>quibus·</strong></span> <span class='ocrx_word' id='word_1_726' title='bbox 1500 5265 1612 5358; x_wconf 87' lang='lat' dir='ltr'><strong>postea</strong></span> <span class='ocrx_word' id='word_1_727' title='bbox 1628 5259 1809 5360; x_wconf 74' lang='lat' dir='ltr'><strong>discedere</strong></span> <span class='ocrx_word' id='word_1_728' title='bbox 1837 5282 1941 5344; x_wconf 87' lang='lat' dir='ltr'><strong>neque</strong></span> <span class='ocrx_word' id='word_1_729' title='bbox 1968 5261 2128 5328; x_wconf 88' lang='lat' dir='ltr'><strong>ministris</strong></span> <span class='ocrx_word' id='word_1_730' title='bbox 2156 5263 2235 5346; x_wconf 89' lang='lat' dir='ltr'><strong>ipsis</strong></span> <span class='ocrx_word' id='word_1_731' title='bbox 2265 5285 2322 5328; x_wconf 91' lang='lat' dir='ltr'><strong>ne·</strong></span> <span class='ocrx_word' id='word_1_732' title='bbox 2407 5355 2408 5370; x_wconf 11' lang='grc' dir='ltr'>χ</span> 
     </span>
     <span class='ocr_line' id='line_1_57' title="bbox 330 5344 2322 5433; baseline -0.003 -15"><span class='ocrx_word' id='word_1_733' title='bbox 330 5363 366 5418; x_wconf 78' lang='lat' dir='ltr'><strong>sd</strong></span> <span class='ocrx_word' id='word_1_734' title='bbox 383 5359 952 5430; x_wconf 71' lang='lat' dir='ltr'><strong>martra....cum13uosroprotcae.</strong></span> <span class='ocrx_word' id='word_1_735' title='bbox 986 5357 1074 5427; x_wconf 66' lang='lat' dir='ltr'><strong>(Eds.</strong></span> <span class='ocrx_word' id='word_1_736' title='bbox 1094 5359 1175 5428; x_wconf 73' lang='lat' dir='ltr'><strong>rm.)</strong></span> <span class='ocrx_word' id='word_1_737' title='bbox 1353 5363 1415 5426; x_wconf 91' lang='lat' dir='ltr'><strong>que</strong></span> <span class='ocrx_word' id='word_1_738' title='bbox 1454 5344 1580 5411; x_wconf 76' lang='lat' dir='ltr'><strong>mribus</strong></span> <span class='ocrx_word' id='word_1_739' title='bbox 1613 5345 1733 5412; x_wconf 77' lang='lat' dir='ltr'><strong>liceret.</strong></span> <span class='ocrx_word' id='word_1_740' title='bbox 1787 5344 1827 5411; x_wconf 93' lang='lat' dir='ltr'><strong>Id</strong></span> <span class='ocrx_word' id='word_1_741' title='bbox 1860 5367 1940 5414; x_wconf 77' lang='lat' dir='ltr'><strong>vero</strong></span> <span class='ocrx_word' id='word_1_742' title='bbox 1979 5346 2059 5414; x_wconf 89' lang='lat' dir='ltr'><strong>adeo</strong></span> <span class='ocrx_word' id='word_1_743' title='bbox 2098 5354 2174 5416; x_wconf 89' lang='lat' dir='ltr'><strong>ante</strong></span> <span class='ocrx_word' id='word_1_744' title='bbox 2205 5349 2322 5433; x_wconf 84' lang='lat' dir='ltr'><strong>proba-</strong></span> 
     </span>
    </p>
   </div>
   <div class='ocr_carea' id='block_1_7' title="bbox 0 0 2438 6116">
    <p class='ocr_par' dir='ltr' id='par_1_10' title="bbox 0 0 2438 6116">
     <span class='ocr_line' id='line_1_58' title="bbox 0 0 2438 6116; baseline 0 0"><span class='ocrx_word' id='word_1_745' title='bbox 0 0 2438 6116; x_wconf 95' lang='lat' dir='ltr'><strong> </strong></span> 
     </span>
    </p>
   </div>
  </div>
 </body>
</html>
