4848 6120
295 415 356 480 127
1092 408 1337 480 'PHDODORI
1356 411 1506 480 antn
2229 409 2289 474 128

293 599 423 684 quidem
445 598 629 676 Genavam,
653 597 729 664 inde
750 598 978 674 Lansanuam‚
1007 607 1119 682 postea
1141 598 1265 665 Nesco·
1317 604 1461 668 iuratum
1483 601 1589 688 redigi
1617 603 1707 667 nullo
1736 599 1833 667 modo
1860 605 2069 682 paterentur:
2097 616 2135 662 eo
2156 593 2289 662 tandem

252 685 258 702 ⁸
294 705 401 752 mum:
424 684 569 750 Satanas
591 685 709 766 spiritu
727 705 827 767 usque
846 684 926 750 adso
943 683 1063 766 ubique
1080 687 1207 762 comite,
1229 692 1267 749 ut
1318 688 1556 753 deveniendum
1568 689 1639 766 fuit,
1659 698 1697 753 ut
1714 707 1833 770 magno
1849 684 2041 766 heroicoque
2058 682 2177 765 spiritu
2195 702 2289 764 prae-

295 791 486 856 quosuuque
509 771 654 835 venisset
670 779 759 835 certa
779 789 859 835 suas
878 767 1090 852 turpitudinis
1108 771 1267 854 impressa
1318 774 1377 840 diti
1388 775 1540 840 Farsllus
1557 773 1760 840 etDalvinur
1782 791 1858 838 oum
1868 769 2010 836 Ooraldo
2032 768 2156 852 collega
2177 768 2291 852 (quem
2416 797 2417 820 ι

294 857 379 924 vesti
403 858 434 920 ia
455 856 662 938 relinqueret.
697 855 761 921 Ubi
785 877 820 920 se
841 854 973 921 videbat
990 877 1010 922 a
1027 856 1147 922 uostris
1165 855 1267 940 argui,
1317 881 1419 944 quum
1441 871 1479 924 ut
1501 870 1597 925 autea
1619 858 1762 924 diximus
1791 867 1924 923 strenue
1946 854 2099 920 Lutetiae
2120 875 2180 936 pro
2204 853 2289 918 veri·
2416 901 2417 918 r

295 941 337 1008 ad
355 879 558 1008 adversarios
575 941 751 1006 transibat:
774 940 815 1006 ab
833 941 897 1006 illis
914 961 1047 1007 rursum
1066 941 1108 1006 ad
1130 951 1266 1021 nostros,
1317 956 1384 1011 tate
1406 944 1624 1030 depugnasset
1645 944 1804 1011 Calvinus
1825 942 1993 1007 Basilea'm
2020 939 2158 1021 indeque
2181 939 2291 1005 Gene-
2416 937 2417 944 '

295 1029 344 1094 uti
375 1028 464 1093 illius
497 1035 584 1092 artes
616 1035 729 1111 aperte
762 1026 942 1109 descriptae
974 1033 1107 1093 exstant
1140 1027 1268 1110 prolixa
1318 1053 1410 1108 vam,
1440 1041 1612 1115 postquam
1640 1031 1707 1096 illio
1735 1030 1806 1114 ipse
1835 1026 2047 1102 constitisset,
2078 1025 2291 1108 perduxerat)
2416 1071 2417 1122 ἒ

295 1115 438 1198 quadum
472 1112 596 1178 Farslli
633 1112 674 1176 ad
707 1113 887 1178 Calvinum
920 1112 1065 1194 epistole.
1121 1113 1268 1178 Tandem
1318 1127 1431 1200 aperte
1453 1127 1667 1198 testarentur,
1696 1136 1767 1181 sess
1795 1134 1930 1181 coenam
1952 1111 2086 1177 Domini
2116 1119 2183 1176 tam
2206 1111 2292 1175 inter
2416 1127 2417 1150 ι

295 1200 397 1285 igitur
425 1208 538 1281 aperte
567 1199 673 1280 coepit
699 1199 859 1281 optimum
887 1218 1047 1280 quemque
1076 1208 1108 1262 et
1137 1199 1268 1282 quidem
1319 1224 1354 1268 ss
1376 1202 1593 1280 discordibus,
1625 1211 1658 1268 et
1687 1201 1728 1268 ab
1755 1201 1844 1266 omni
1873 1196 2092 1264 ecclesiastica
2120 1195 2293 1278 disciplina

298 1285 460 1368 imprimis
488 1284 672 1363 Farellum,
702 1285 894 1362 Calvinum,
924 1282 1076 1348 Viretum
1108 1285 1200 1366 quasi
1228 1283 1269 1349 ds
1319 1287 1435 1354 alienis
1457 1290 1583 1355 civibus
1604 1289 1668 1354 rite
1690 1286 1856 1352 celebrare
1879 1305 1944 1349 non
1966 1303 2068 1367 posse.

296 1391 390 1437 sacra
400 1369 505 1434 triade
517 1370 628 1436 miuus
639 1377 728 1435 recte
745 1370 925 1436 sentientes
936 1369 1111 1434 criminari.
1141 1369 1266 1435 Habita
1405 1373 1589 1440 Accedebat
1616 1385 1650 1440 st
1678 1371 1767 1439 aliud
1796 1371 1936 1446 malum,
1966 1367 2050 1452 quod
2082 1366 2236 1434 videlicet
2258 1367 2294 1430 in
2416 1349 2417 1422 ἶ

297 1465 348 1523 est
369 1475 407 1520 ea
429 1454 468 1520 ds
491 1477 526 1520 re
547 1454 690 1540 synodus
702 1456 833 1520 Bernae
851 1455 948 1520 valde
965 1455 1128 1538 frequens,
1148 1457 1182 1520 in
1204 1475 1269 1538 qua
1319 1459 1513 1543 quibusdam
1543 1460 1661 1526 ritibus
1689 1457 1827 1526 ecclesia
1849 1454 2055 1520 Gensvsnsis
2085 1473 2105 1518 a
2127 1452 2292 1517 Beruensi

298 1542 474 1608 damnatus
496 1541 680 1606 calumnias
701 1541 822 1606 Petrus
844 1539 955 1606 Caroli
977 1542 1134 1624 paulatim
1156 1551 1269 1627 postea
1320 1546 1527 1628 discreparet.
1561 1547 1747 1613 Urebantur
1764 1543 1853 1607 enim
1864 1541 2077 1606 Gensvenses
2099 1557 2183 1621 pane
2205 1557 2295 1604 com·

298 1627 423 1706 defecit,
447 1625 644 1709 tandemque
666 1626 929 1692 Mediomatricos
950 1627 1148 1693 subornatus
1171 1628 1267 1704 venit,
1319 1634 1430 1710 muni,
1460 1641 1493 1695 et
1520 1631 1713 1716 baptisteria
1734 1630 1792 1694 illa
1820 1646 1904 1711 quae
1926 1633 2044 1691 vocant
2072 1635 2229 1706 tanquam
2252 1621 2294 1687 ad

296 1723 335 1780 ut
354 1735 437 1797 opus
459 1713 602 1789 Domini,
626 1712 713 1796 quod
734 1713 873 1779 feliciter
894 1713 961 1777 illic
983 1713 1134 1780 Farsllus
1155 1713 1268 1778 incho-
1320 1718 1473 1801 baptismi
1491 1718 1709 1784 ministerium
1728 1715 1838 1780 minus
1855 1711 2047 1789 necessaria,
2065 1711 2207 1792 itemque
2226 1709 2297 1774 diss
2416 1775 2417 1788 ,

296 1808 384 1876 arat,
412 1798 593 1881 impediret.
637 1798 720 1864 Iude
748 1799 870 1882 scripta
896 1798 1033 1882 epistola
1060 1801 1130 1882 pios
1158 1811 1269 1882 aperte
1320 1804 1420 1868 festos
1442 1813 1577 1887 excepto
1600 1803 1652 1868 die
1674 1801 1835 1867 dominico
1856 1797 2068 1863 sustulerant.
2102 1794 2232 1875 Quibus
2255 1793 2297 1858 de

295 1883 476 1962 lacessivit,
507 1893 543 1948 ut
564 1885 744 1967 apostasiae
766 1905 845 1949 suae
866 1885 963 1967 plena
985 1905 1042 1968 spe
1064 1885 1149 1951 facta
1170 1884 1269 1949 bene·
1321 1889 1419 1954 rebus
1436 1911 1536 1972 quum
1554 1889 1698 1974 synodus
1709 1880 2298 1952 LausanuaeaBsrnsueibuscoacta

294 1973 407 2036 ficium
438 1969 568 2052 aliquod
596 1971 686 2035 oanis
714 1970 883 2036 famelicus
912 1969 1085 2036 obtineret.
1130 1971 1269 2035 Romam
1321 1978 1367 2041 sic
1397 1974 1584 2055 decidisset,
1613 1985 1649 2040 ut
1678 1991 1833 2057 azymum
1864 1991 1983 2052 panem
2015 1969 2136 2050 illaque
2164 1967 2298 2031 restitui
2416 1981 2417 2004 ι

295 2065 406 2122 autem
427 2055 643 2120 nihilominus
664 2056 835 2133 remissus,
866 2064 903 2120 ut
929 2076 1040 2121 coram
1062 2057 1123 2139 ipsi
1146 2057 1269 2121 bestiae
1322 2061 1478 2126 Gensvae
1506 2062 1702 2143 postularet,
1732 2056 1905 2140 collegium
1935 2065 2046 2118 autem
2067 2051 2296 2118 ministrorum

294 2141 506 2217 satisfaceret,
529 2139 639 2223 ibique
659 2162 733 2207 cum
756 2141 895 2206 ludibrio
914 2150 1079 2224 exceptus,
1102 2153 1270 2226 premente
1322 2145 1568 2212 Gensvsnsium
1590 2167 1625 2211 ss
1647 2145 1737 2228 prius
1760 2141 1867 2207 audiri
1885 2161 2024 2223 aequum
2043 2137 2183 2215 duceret,
2207 2159 2299 2202 sam-

294 2228 405 2311 inopia
434 2239 467 2291 st
497 2226 627 2292 Gallica
654 2227 775 2304 scabis,
807 2227 867 2293 vix
893 2227 929 2291 in
955 2226 1195 2294 xenodochium
1218 2249 1269 2292 rs·
1322 2252 1384 2314 que
1402 2229 1443 2296 ob
1454 2253 1587 2298 causam
1604 2231 1708 2296 altera
1719 2230 1878 2312 ligurum
1897 2225 2043 2309 synodus
2054 2233 2140 2289 esset
2156 2221 2298 2289 indicta:

294 2325 408 2397 ceptus
430 2309 629 2396 stipendium
651 2313 783 2378 tandem
802 2314 934 2396 pseusti,
957 2323 1096 2378 mortem
1119 2311 1270 2379 videlicet
1322 2317 1373 2380 his
1395 2315 1512 2382 oblatis
1533 2317 1764 2392 occasionibus,
1786 2314 1931 2395 quitum
1950 2310 2300 2393 fuerantcrsatisyn-

295 2400 404 2465 afilia
426 2398 548 2482 peccati
560 2399 586 2480 ¹)
608 2399 750 2464 retulit.l
776 2399 822 2463 Et
849 2397 903 2463 hic
932 2398 1061 2483 quidem
1089 2399 1153 2464 fuit
1180 2399 1269 2464 illius
1322 2401 1385 2468 dici
1407 2405 1551 2482 (annuus
1570 2403 1625 2467 hic
1646 2410 1697 2466 est
1719 2419 1931 2480 summusque
1953 2399 1987 2460 iu
2009 2395 2175 2478 republica
2187 2394 2300 2460 Gene-

295 2484 436 2551 infelicis
458 2485 577 2550 exitus·
1321 2489 1416 2554 vensi
1439 2489 1664 2572 magistratus)
1685 2486 1861 2551 factionum
1880 2503 1917 2548 ac
1940 2483 2176 2548 discordiarum
2198 2480 2300 2547 duces
2416 2503 2417 2588 ι

303 2628 304 2631 ,
381 2570 513 2635 Interea
551 2569 712 2635 Calvinus
755 2590 842 2635 anno
887 2569 1039 2636 videlicet
1073 2579 1269 2650 MDXXXVII,
1322 2574 1477 2657 populum
1499 2579 1695 2649 convocant,
1726 2591 1825 2650 eoque
1853 2589 1924 2632 rem
1946 2567 2143 2650 perducunt,
2172 2567 2301 2630 frustra

296 2655 382 2741 quod
412 2656 530 2720 multos
562 2655 596 2719 in
628 2653 739 2720 Gallia
767 2655 896 2722 videret
930 2656 1104 2721 vamtatem
1137 2656 1269 2739 quidem
1321 2681 1392 2724 sese
1419 2659 1560 2725 Calvino
1588 2679 1663 2725 cum
1694 2654 1840 2721 eiusdem
1873 2653 2057 2720 sententiae
2089 2651 2222 2735 collegis
2256 2651 2300 2716 ad

295 2741 387 2808 intus
404 2741 504 2824 probe
522 2751 703 2818 noscentes,
726 2741 789 2806 sibi
807 2749 918 2807 tamen
934 2740 1153 2826 indulgentes,
1176 2742 1270 2824 quasi
1320 2743 1523 2810 reddendum
1553 2745 1701 2810 omnium
1728 2742 1890 2807 rationem
1911 2739 2085 2815 offerente,
2114 2745 2151 2802 ut
2172 2737 2300 2802 maiore

294 2827 467 2894 Ohristum
484 2827 594 2892 auimo
617 2827 722 2892 colere
740 2827 820 2892 eatis
838 2833 931 2900 esset,
955 2827 1083 2892 etiamsi
1102 2827 1269 2911 papistiois
1321 2839 1415 2913 parte
1444 2831 1611 2896 meliorem
1641 2837 1816 2914 superante
1845 2835 1913 2890 tres
1942 2825 1997 2889 isti
2027 2823 2085 2889 fidi
2113 2823 2176 2888 Dei
2207 2825 2300 2890 servi

295 2915 396 2980 sacris
407 2914 612 2990 interessent,
625 2913 706 2977 duas
718 2912 977 2995 elegantissimas
987 2913 1140 2994 epistolas
1152 2911 1267 2978 edidit:
1321 2917 1409 2982 intra
1426 2917 1562 2982 biduum
1579 2914 1735 2981 excedere
1754 2913 1833 2978 urbe
1844 2912 2044 2989 iuberentur,
2062 2907 2148 2992 quod
2160 2927 2301 2976 coenam

295 3019 397 3064 unam
418 2998 458 3062 de
481 2997 635 3082 fugienda
656 2995 839 3062 idololatria
860 2998 994 3064 Nicolao
1012 2997 1182 3074 Ohsmino,
1206 3018 1269 3081 quo
1322 3002 1455 3066 Domini
1477 3003 1642 3068 celebrare
1664 3005 1877 3066 recusassent.

297 3085 402 3150 amico
432 3093 465 3148 et
494 3083 621 3166 bospite
650 3103 729 3148 usus
757 3082 910 3148 Aureliae
939 3083 1116 3166 plurimum
1151 3085 1269 3162 iuerat,
1406 3087 1480 3154 Hoc
1492 3087 1658 3153 decretum
1676 3105 1777 3169 quum
1795 3091 1883 3148 esset
1893 3081 2035 3147 Calvino
2046 3082 2298 3149 renunciatum:

295 3169 428 3236 officiali
449 3179 561 3252 postea
584 3167 825 3234 Oenomausnsi
847 3167 1031 3248 designato:
1062 3169 1200 3233 alteram
1230 3168 1270 3234 ds
1322 3171 1430 3249 Oerts,
1453 3173 1571 3256 inquit,
1595 3174 1624 3238 si
1645 3169 1833 3237 bominibus
1855 3168 2083 3245 servivisssm,
2105 3167 2192 3233 mala
2214 3169 2301 3234 mihi

294 3255 463 3340 papisticis
481 3253 677 3332 sacerdotiis,
691 3251 1048 3336 GerardoilliRuff02)
1066 3255 1158 3320 euius
1175 3263 1271 3320 antea
1322 3277 1447 3322 merses
1469 3260 1719 3340 persolveretur,
1742 3253 1800 3321 sed
1818 3256 1900 3320 bene
1917 3261 1968 3319 eet
1985 3252 2070 3336 quod
2087 3253 2118 3318 si
2135 3253 2301 3321 inservivi
2416 3317 2417 3342 ,

295 3341 447 3418 memini,
476 3341 596 3423 quique
618 3339 749 3405 abbatia
798 3338 917 3404 undam
939 3357 977 3404 eo
1005 3338 1156 3423 deinceps
1184 3341 1269 3422 epis·
1322 3343 1378 3425 qui
1400 3363 1569 3425 nunquam
1591 3365 1656 3408 non
1686 3342 1790 3409 servis
1818 3341 1885 3405 suis
1915 3337 2065 3423 rependit
2086 3337 2173 3423 quod
2193 3341 2301 3406 semel
2416 3343 2417 3368 ¹

295 3435 414 3510 sopatu
436 3435 508 3509 post
529 3425 654 3491 editum
675 3359 841 3516 illumq[B
855 3423 887 3512 l]
910 3425 1130 3492 Parieiensem
1152 3426 1271 3491 tumul·
1320 3429 1479 3511 promisit.
1512 3431 1559 3494 Et
1579 3429 1651 3511 quis
1673 3429 1737 3492 ista
1754 3448 1819 3492 nou
1838 3425 2058 3491 existimasset
2075 3435 2198 3492 certam
2222 3447 2301 3508 per·

296 3519 367 3578 tum
391 3512 538 3590 donatus,
562 3532 629 3577 non
651 3511 746 3576 modo
763 3520 876 3593 postea
893 3511 974 3577 satis
991 3521 1117 3578 rectum
1139 3531 1271 3577 cursum
1322 3515 1440 3580 niciam
1451 3515 1604 3581 ecclesias
1616 3513 1805 3580 Genevsnsi
1822 3509 1986 3576 allatura?
2017 3511 2165 3578 Eventus
2183 3520 2300 3579 tamen

296 3619 364 3663 non
387 3597 510 3674 tenuit,
539 3598 771 3662 verumetiam
793 3597 907 3662 heram
929 3618 1022 3663 suam
1046 3598 1272 3664 Navarrenam
1321 3609 1435 3666 contra
1452 3600 1595 3666 ostendit
1616 3600 1730 3665 divina
1747 3597 1951 3680 providentia
1968 3595 2002 3662 id
2019 3597 2152 3677 factum,
2175 3599 2300 3680 partim
2416 3635 2417 3640 κ

297 3684 445 3767 reginam
468 3681 627 3766 paulatim
649 3682 878 3765 pessumdedit
1321 3693 1360 3750 ut
1381 3683 1458 3750 alibi
1479 3707 1577 3769 opera
1598 3685 1703 3752 fidelis
1724 3685 1811 3750 servi
1841 3683 1892 3750 sui
1914 3703 1992 3748 usus
2014 3683 2117 3748 variis
2138 3703 2215 3748 sum
2238 3705 2301 3748 ex·
2416 3721 2417 3724 =

1322 3773 1515 3857 perimentis
1546 3771 1587 3837 ad
1619 3793 1671 3836 res
1706 3770 1844 3834 maiores
1878 3770 2073 3848 instrueret,
2106 3769 2226 3854 partim
2262 3777 2301 3835 ut

384 3855 560 3919 Caeterum
582 3854 663 3920 baec
689 3855 783 3920 illum
805 3861 956 3938 agentem
978 3855 1193 3940 gravissimas
1215 3855 1271 3921 do·
1321 3857 1482 3925 seditiosis
1502 3857 1569 3924 illis
1597 3877 1656 3922 suo
1678 3859 1825 3939 ipsorum
1853 3855 1978 3937 impetu
2005 3854 2171 3921 subversis
2192 3855 2299 3922 escle·
2416 3919 2417 3928 ,

299 3941 453 4007 mesticae
482 3939 657 4006 seditiones
686 3949 894 4024 exceperunt.
946 3941 1136 4008 Admissum
1165 3943 1273 4008 iuerat
1322 3945 1404 4010 siam
1437 3943 1666 4010 Geneveussm
1705 3963 1725 4007 a
1756 3939 1868 4006 multis
1906 3939 2055 4006 sordibus
2092 3951 2299 4024 repurgerst.
2416 3967 2417 3974 ¹

298 4027 335 4093 in
353 4025 441 4100 urbs,
461 4025 548 4092 sicut
565 4033 663 4091 antea
681 4026 836 4106 diximus,
854 4028 1063 4112 evangelium
1081 4037 1114 4092 et
1131 4037 1271 4110 papatus
1322 4029 1433 4114 Usque
1454 4029 1534 4095 adeo
1557 4050 1628 4095 sess
1650 4028 1814 4093 Dominus
1840 4026 1877 4090 in
1905 4027 2031 4092 cunctis
2053 4028 2119 4092 suis
2142 4027 2299 4110 operibus

298 4113 456 4180 siuratue.
489 4109 557 4176 Sed
574 4119 710 4178 extrusa
726 4111 824 4177 simul
841 4133 861 4177 a
878 4113 1042 4195 plerisque
1060 4134 1124 4177 non
1142 4113 1273 4178 fuerant
1322 4137 1359 4182 ao
1382 4117 1572 4198 praesertim
1596 4117 1631 4179 in
1654 4113 1807 4180 ecclesiae
1830 4133 1909 4178 suas
1932 4111 2168 4196 gubernatione
2190 4112 2299 4178 adrni-

298 4198 435 4282 indigna
457 4198 562 4262 multa
584 4198 718 4282 flagitia,
741 4217 824 4281 quas
842 4199 878 4262 in
899 4217 938 4262 ea
955 4197 1037 4262 urbe
1053 4199 1218 4264 canonicis
1239 4207 1272 4265 st
1322 4201 1462 4266 randum
1485 4199 1627 4284 praebet.
1672 4199 1740 4266 Sed
1762 4201 1842 4264 baec
1870 4199 1982 4263 omnia
2010 4213 2122 4280 postea
2148 4219 2201 4263 ree
2223 4199 2300 4282 ipsa
2416 4249 2417 4282 ι

299 4285 428 4366 impuro
456 4283 504 4346 illi
533 4283 619 4348 clero
647 4291 697 4348 tot
724 4305 827 4350 annos
853 4281 982 4349 addicta
1010 4282 1067 4349 diu
1088 4285 1271 4368 viguerant,
1323 4287 1482 4370 patefecit.
1519 4287 1606 4351 Turn
1628 4305 1706 4351 vero
1728 4304 1848 4368 magno
1870 4305 1944 4349 sum
1966 4283 2126 4349 bonorum
2148 4285 2299 4352 omnium
2416 4293 2417 4316 ³

301 4377 334 4435 st
355 4379 483 4436 veteres
505 4369 593 4433 inter
614 4367 772 4453 quaedam
800 4369 973 4452 primarias
1002 4367 1144 4435 familias
1163 4371 1271 4436 inimi·
1323 4373 1433 4438 dolore
1454 4381 1522 4438 tres
1544 4372 1592 4436 illi
1613 4371 1716 4438 edicto
1739 4377 1891 4454 parentes
1919 4389 2022 4451 quum
2043 4370 2204 4453 Tigurum
2229 4373 2298 4454 pri-
2416 4373 2417 4414 ι

299 4456 396 4522 sitias
416 4453 695 4521 belloSabaudiso
712 4462 883 4538 susceptae
901 4453 1009 4521 adhuc
1027 4455 1271 4522 exercebantur.
1323 4479 1413 4523 mum
1441 4459 1608 4525 venissent
1637 4458 1746 4539 ibique
1778 4467 1889 4521 coacta
1915 4455 2163 4521 Helveticarum
2192 4457 2298 4523 socle-

301 4540 431 4624 Quibus
460 4540 526 4604 leui
552 4541 697 4624 primum
719 4539 952 4621 admonitione,
982 4539 1099 4606 deinde
1128 4542 1273 4626 graviori
1322 4545 1447 4610 siarum
1469 4544 1593 4628 aliquot
1613 4541 1747 4628 synodo,
1770 4551 1867 4624 atque
1884 4561 1926 4607 ex
1944 4539 2062 4626 synodi
2084 4541 2214 4607 decreto
2236 4563 2298 4622 per

301 4627 461 4693 adversus
494 4625 699 4692 refractarios
732 4627 953 4708 increpatione
984 4625 1138 4692 tollendis
1172 4649 1272 4711 quum
1323 4631 1543 4696 Bernsneium
1575 4628 1841 4694 intercessionem
1878 4627 2030 4704 tentatis,
2071 4626 2128 4692 sed
2158 4626 2296 4708 flustra,
2416 4647 2417 4728 ᾗ

301 4713 384 4778 nihil
407 4713 634 4795 proficeretur,
664 4719 697 4776 st
724 4732 762 4779 so
786 4731 886 4795 usque
909 4712 1030 4778 malum
1053 4714 1273 4796 processisset,
1323 4715 1569 4781 Gensvsusium
1586 4713 1876 4781 animisOalvinus
1891 4711 2021 4794 quidem
2034 4711 2198 4779 Basilsam
2216 4713 2296 4781 iuda

301 4797 682 4879 utsivitasprivatornm
701 4797 905 4881 quorundam
923 4799 1062 4864 factione
1080 4797 1273 4866 indiversas
1322 4821 1394 4866 sess
1422 4822 1459 4866 ac
1488 4821 1564 4867 mox
1587 4801 1803 4886 Argentiuam
1833 4799 1977 4866 contulit.
2022 4798 2094 4863 Illis
2122 4799 2223 4882 igitur
2252 4821 2296 4866 ex

301 4895 412 4970 partes
441 4883 645 4950 scinderetur
674 4893 708 4949 st
735 4905 801 4950 non
832 4883 929 4967 pauci
955 4903 1026 4950 sess
1058 4885 1092 4948 in
1125 4882 1274 4950 ordinem
1322 4887 1411 4952 illius
1433 4885 1523 4953 urbis
1552 4897 1685 4952 senatus
1706 4885 1876 4952 voluntate
1903 4905 1923 4950 a
1950 4885 2087 4950 summis
2115 4885 2181 4951 illis
2202 4885 2295 4966 viris,
2416 4921 2417 4966 ff

387 5124 404 5244 ὲ
434 5124 523 5246 {322⁰
537 5125 648 5248 femi
666 5122 1027 5249 ffiffiaffffimm
1036 5191 1180 5248 Momm
1199 5191 1273 5249 sm
1324 5165 1436 5210 eorum
1447 5142 1632 5228 collegisad
1646 5143 1860 5228 theologicam
1878 5141 2108 5226 professionem
2127 5145 2294 5226 proposito

302 5262 419 5318 musam
444 5261 720 5342 reprehendamus
747 5261 853 5315 ausum
880 5261 911 5315 a.
936 5261 1097 5317 nomm
1122 5263 1272 5318 mma,
1323 5229 1462 5296 honesto
1488 5228 1650 5312 stipendio
1677 5237 1847 5307 evocatus,
1875 5249 1942 5294 non
1970 5228 2066 5293 modo
2094 5227 2294 5312 theologiam

1323 4973 1439 5056 quibus
1471 4981 1627 5056 tanquam
1658 4971 1777 5038 lucidis
1808 4970 1947 5056 gemmis
1974 4969 2030 5035 illa
2058 4979 2130 5035 tum
2157 4971 2296 5038 ccclesia
2416 5009 2417 5030 ι

1323 5057 1478 5142 fulgebat,
1502 5059 1637 5138 Basaro,
1660 5057 1828 5141 Capitone,
1851 5055 2018 5135 Hedione,
2041 5056 2144 5141 Nigro
2166 5065 2200 5122 et
2220 5057 2295 5123 aliis
2416 5077 2417 5104 ³

303 5330 366 5387 Hor
381 5332 451 5385 actm
468 5344 560 5384 ceam
578 5332 632 5384 virs
650 5345 746 5385 nomen
763 5336 829 5386 erat
1323 5315 1390 5382 illic
1412 5315 1523 5384 docuit
1543 5337 1664 5402 magns
1681 5336 1756 5382 sum
1773 5313 1942 5382 doctorum
1959 5314 2104 5380 omnium
2122 5314 2292 5400 applausu,
2416 5367 2417 5400 ,
