4848 6120
298 341 361 406 rso
1098 337 1343 406 nunonem
1362 337 1514 404 natan
2239 339 2300 400 ree

390 527 448 597 sio
477 536 527 597 est
556 549 664 596 annus
684 529 742 595 ille
763 535 915 607 exaotus,
946 549 1044 613 quem
1066 527 1276 594 aliusnihilo
1327 526 1487 592 Calvinus
1509 537 1635 605 autem,
1664 528 1751 611 qnod
1781 528 1816 592 in
1847 527 1887 594 iis
1915 527 2019 594 literis
2046 527 2192 612 graviter
2212 526 2304 592 laesa

299 616 414 682 mitior
437 615 571 700 exospit,
587 615 612 699 ¹)
634 615 751 681 iisdem
772 615 883 693 malis,
906 617 1041 681 namtats
1063 614 1218 680 videlieet
1239 633 1277 679 ao
1327 623 1398 678 erat
1410 613 1571 696 evangelii
1581 615 1706 679 veritas
1718 614 1912 697 piorumque
1926 613 2121 688 innocentia,
2139 612 2304 696 pontifieis
2412 613 2413 616 ’

299 709 405 787 peste,
423 698 622 768 sabaudiam
644 701 884 778 infestantibus,
908 711 942 766 et
958 710 1114 785 pergente
1132 699 1275 766 vioissim
1327 697 1494 764 audaoiam
1528 699 1693 782 repressit.
1748 700 1900 766 Fuerunt
1935 708 2006 764 tum
2039 698 2157 781 Spirae
2188 705 2304 766 ooaeta
2412 697 2413 702 ’

301 787 442 854 Oalvino
471 786 561 852 domi
588 787 719 869 quidem
747 808 823 852 suos
852 789 1059 864 oonfirmare,
1090 787 1169 852 foris
1198 805 1277 851 vero
1327 784 1457 868 imperii
1478 786 1621 850 eomitia:
1649 805 1715 868 qua
1735 793 1868 869 aeeepta
1889 786 2058 852 oooasione
2080 783 2240 855 Calvinus
2262 783 2304 848 li·

302 872 513 940 eoolesierum
542 873 653 938 hostes
678 871 807 938 fortiter
834 873 1027 955 reprimere,
1056 871 1153 937 editis
1182 891 1276 953 prae·
1327 870 1448 936 bellum
1468 870 1570 936 edidit
1592 871 1633 936 de
1654 871 1856 937 Necessitate
1883 870 2110 936 reformandae
2136 869 2304 946 eooleeiae,
2412 931 2413 952 ,

303 959 418 1025 sertim
440 957 532 1022 libris
553 967 692 1041 quatuor
713 958 754 1023 de
776 957 869 1024 liberi
891 957 1019 1022 arbitrii
1041 957 1276 1034 oontroversia,
1327 976 1392 1038 quo
1413 953 1502 1020 haud
1525 957 1606 1022 ratis
1634 958 1699 1023 seio
1728 978 1771 1022 an
1801 965 1859 1022 aut
1887 957 2061 1022 nervosius
2090 965 2149 1022 aut
2168 957 2305 1038 gravius
2412 953 2413 960 '

303 1062 386 1128 quos
407 1043 563 1128 Philippo
591 1042 842 1110 Melanehthoni
870 1043 1008 1124 dioavit,
1038 1043 1195 1108 adversus
1216 1042 1277 1108 Al-
1328 1041 1397 1106 eius
1436 1042 1622 1124 argumenti
1661 1043 1820 1124 seriptum
1857 1052 1969 1108 nostro
2008 1042 2138 1109 saeenlo
2176 1041 2306 1108 editum
2412 1093 2413 1124 ,

302 1129 432 1195 bertum
443 1129 600 1214 Pigbium
612 1128 841 1212 Campensem,
858 1129 1037 1212 sophistam
1054 1129 1142 1194 illius
1160 1127 1277 1193 aetatis
1327 1127 1435 1191 fuerit
1469 1125 1595 1192 Eodem
1618 1127 1875 1194 annoOalvinus
1892 1137 1964 1196 tum
1974 1128 2209 1212 Anabaptistas
2230 1136 2306 1192 tum
2412 1165 2413 1186 ι

302 1215 398 1282 fenile
420 1215 612 1299 prinoipem,
634 1235 735 1297 aquo
753 1217 850 1280 etiam
868 1215 975 1280 fuerat
992 1235 1051 1298 pro
1068 1213 1278 1298 antagonista
1327 1211 1515 1278 Libertinos
1549 1215 1599 1294 (in
1632 1213 1749 1297 quibus
1782 1223 1910 1280 veteres
1943 1235 2057 1280 omnes
2089 1211 2306 1298 quantumvis

304 1299 456 1379 deleetna,
479 1321 521 1366 ex
542 1321 606 1384 quo
627 1299 783 1367 videlieet
807 1309 973 1383 reportata
993 1300 1117 1384 insigni
1139 1299 1278 1365 vietoria
1326 1306 1532 1380 portentosae
1552 1309 1728 1366 renovatae
1749 1307 1827 1364 sunt
1848 1299 2014 1382 haereses)
2036 1299 2161 1366 dnobus
2181 1297 2306 1365 libellis
2412 1327 2413 1342 ι

303 1387 451 1472 galerum
472 1407 551 1452 mox
573 1407 593 1451 a
613 1386 767 1469 pontifioe
784 1393 1044 1469 oonsequeretur.
1077 1389 1124 1451 At
1139 1385 1195 1450 ille
1217 1385 1279 1450 hoe
1328 1386 1376 1448 ita
1396 1383 1569 1465 refutavit,
1592 1395 1629 1449 ut
1650 1386 1816 1450 neminem
1838 1386 1880 1451 iis
1902 1395 2026 1451 attente
2049 1386 2142 1453 lestis
2164 1385 2306 1450 arbitrer

305 1492 367 1538 suo
387 1471 498 1537 labore
519 1471 700 1536 bustratus
716 1469 751 1536 id
767 1492 874 1536 unum
891 1471 1090 1554 adsequutus
1110 1479 1169 1550 est,
1192 1469 1278 1554 quod
1328 1470 1493 1536 exstitisse
1503 1473 1558 1553 qui
1575 1471 1630 1536 vel
1641 1471 1682 1536 nb
1700 1471 1773 1536 istis
1784 1471 1848 1537 nisi
1866 1472 1973 1538 solens
1990 1482 2025 1537 et
2040 1472 2185 1556 prudens
2196 1469 2305 1552 deoipi

304 1567 474 1622 merentur
494 1557 644 1622 veritatis
665 1555 785 1636 hostes,
808 1577 926 1639 nempe
947 1566 1035 1621 utet
1053 1557 1156 1622 doetis
1173 1557 1278 1622 sanis·
1329 1555 1484 1638 potuerit,
1512 1555 1565 1620 vel
1587 1558 1615 1621 si
1638 1567 1735 1622 antee
1757 1557 1912 1640 deeeptus
1941 1565 2027 1638 erat,
2057 1578 2125 1623 non
2152 1555 2241 1622 ultro
2269 1558 2306 1620 in

302 1663 365 1726 que
377 1643 565 1708 bominibus
582 1643 719 1708 foeteret
737 1654 771 1708 et
788 1643 828 1708 ab
846 1643 916 1725 ipso
929 1640 1055 1708 Satana
1066 1643 1277 1725 deciperetur.
1329 1653 1451 1707 reetam
1473 1641 1562 1706 viam
1585 1639 1727 1707 redierit.
1770 1641 1908 1708 Offensa
1931 1653 1981 1709 est
2002 1653 2112 1708 tamen
2134 1644 2198 1709 isto
2219 1643 2306 1708 libro

302 1727 372 1796 Eos
402 1737 512 1794 antem
545 1727 647 1794 libros
675 1728 791 1812 quenti
817 1729 939 1794 feneret
965 1735 1103 1794 testatus
1131 1739 1182 1793 est
1210 1728 1279 1793 auis
1328 1728 1363 1791 in
1384 1727 1571 1794 Libertinos
1595 1726 1683 1793 edito
1704 1728 1910 1806 Navarrena,
1936 1728 2022 1812 quod
2048 1730 2089 1794 ab
2113 1729 2204 1794 illius
2226 1729 2307 1793 hor·

303 1813 411 1880 literis
433 1812 624 1896 Philippus,
653 1833 734 1896 quas
754 1814 873 1880 ideireo
901 1815 999 1878 etiam
1021 1813 1164 1880 edendas
1185 1824 1278 1896 puta·
1329 1813 1451 1878 rendae
1473 1825 1579 1878 saetae
1602 1814 1824 1897 antesignanis
1847 1813 2145 1896 duobusQuintino
2166 1825 2200 1879 et
2221 1815 2307 1881 Poo-
2412 1833 2413 1838 ¹

303 1900 431 1978 vimus,
460 1909 499 1964 nt
520 1897 639 1965 habeat
660 1899 982 1984 posteritas‘eertum
1011 1899 1280 1982 luculentumque
1329 1907 1436 1980 quoto,
1455 1919 1535 1981 quos
1552 1900 1745 1964 nominatim
1757 1899 1915 1966 Calvinus
1927 1909 2082 1984 arguerat
2099 1908 2182 1979 (rem
2200 1922 2307 1984 poene
2412 1943 2413 1972 ι

304 1985 539 2064 testimonium,
562 1983 649 2067 quod
667 1984 825 2050 adversus
842 1986 1014 2068 utriusque
1031 1985 1280 2050 nalumniatores
1330 1985 1584 2066 inoredibilem),
1617 2005 1758 2067 eousque
1786 1985 1902 2050 fuisset
1928 1986 2089 2052 faeoinata
2114 1995 2167 2064 ut,
2201 2007 2306 2070 quum

305 2079 458 2154 opponat.
501 2069 570 2136 Sed
591 2081 625 2134 et
646 2092 687 2134 ex
710 2070 854 2137 eiusdem
877 2069 1007 2135 (lalvini
1036 2071 1143 2136 literis
1166 2068 1280 2135 eodem
1331 2069 1474 2152 alioquin
1493 2069 1626 2134 illorum
1647 2071 1841 2154 mysterium
1864 2093 1929 2137 non
1953 2069 2002 2158 [B
2024 2070 2058 2159 t]
2082 2081 2224 2152 teneret,
2247 2094 2307 2158 pro

305 2176 392 2222 anno
413 2155 567 2220 eoolesiae
588 2155 894 2239 Monsbelgnrdensi
909 2157 1053 2239 seriptis,
1076 2155 1154 2239 quid
1177 2156 1220 2220 sit
1240 2156 1280 2220 iis
1331 2155 1423 2220 bonis
1435 2155 1515 2221 viris
1526 2155 1601 2220 illos
1611 2156 1757 2234 haberet,
1776 2177 1814 2223 ao
1825 2157 1963 2240 proinde
1979 2179 2050 2223 sese
2069 2157 2308 2241 quodammodo
2412 2189 2413 2194 ¹

305 2239 569 2324 respondendum
591 2241 700 2323 quivis
721 2249 903 2325 eognoseet,
926 2244 982 2323 qui
1000 2241 1040 2307 de
1057 2241 1160 2306 nimia
1178 2241 1281 2323 ipsius
1330 2261 1513 2322 pereorum
1534 2240 1621 2305 latus
1639 2241 1820 2308 confossam
1837 2241 2061 2308 arbitraretur.
2094 2243 2307 2326 Quodqnum
2412 2273 2413 2278 ¹

305 2327 480 2394 severitate
497 2325 735 2393 inexereendis
752 2327 988 2394 eoelesiastieae
1006 2327 1137 2411 politiae
1153 2325 1280 2410 legibus
1331 2325 1549 2392 intellexisset
1560 2325 1728 2402 Calvinus,
1750 2327 1797 2394 sio
1818 2327 1868 2392 illi
1890 2329 1974 2393 mira
1995 2328 2135 2412 quadam
2158 2329 2308 2395 modern·
2412 2333 2413 2344 ³

307 2421 500 2497 queruntur.
1332 2413 1420 2476 tione
1448 2411 1633 2494 respondit,
1663 2421 1700 2477 ut
1728 2423 1763 2476 et
1791 2412 1962 2497 dignitatis
1990 2425 2023 2478 et
2050 2415 2244 2481 eollatornm
2268 2414 2309 2481 ab

1333 2497 1395 2562 heo
1406 2497 1537 2580 Regina
1548 2499 1582 2562 in
1600 2498 1768 2564 eoelesiam
1781 2496 1906 2564 Obriati
1923 2501 2155 2566 benefitiorum
2172 2521 2309 2578 memor,
2412 2509 2413 2544 ι

392 2582 562 2667 Sequutus
593 2591 643 2648 est
674 2601 790 2650 ‘annus
821 2605 923 2668 snpra
961 2582 1280 2666 sesquimillesimum
1333 2583 1476 2662 ingenue
1501 2592 1613 2648 tamen
1641 2593 1675 2648 et
1702 2582 1846 2663 oordate,
1874 2593 1913 2650 ut
1939 2585 2059 2650 fortem
2081 2585 2146 2651 Dei
2174 2607 2309 2652 servum
2412 2587 2413 2604 ¹

308 2668 577 2754 quadragesimus
598 2677 746 2751 quartus,
768 2670 805 2734 in
828 2691 891 2754 quo
913 2669 1073 2736 Calvinus
1095 2668 1135 2733 de
1156 2669 1280 2734 Neooo·
1333 2669 1494 2750 oportuit,
1527 2669 1664 2733 nimiam
1696 2669 1785 2734 illius
1815 2669 1851 2734 in
1884 2669 2095 2737 admittendis
2122 2671 2310 2738 istiusmodi

306 2755 471 2822 mensium
502 2755 538 2820 in
571 2753 799 2821 eoelasiastiois
831 2755 979 2822 sensuris
1007 2755 1158 2820 instituto
1187 2775 1280 2820 suam
1333 2753 1520 2820 hominibus
1541 2753 1797 2837 imprudentiam
1818 2755 2067 2838 reprehenderit
2084 2766 2117 2822 et
2134 2758 2310 2823 ministerii
2412 2815 2413 2834 ,

307 2841 506 2908 sententiam
539 2840 677 2923 aperuit.
733 2841 831 2906 Domi
863 2861 942 2907 vero
975 2839 1189 2906 Sebastianus
1224 2839 1281 2904 ille
1334 2840 1385 2905 sui
1416 2840 1624 2905 autoritatem
1662 2839 1859 2922 adseruarit,
1898 2842 2043 2908 effeoerit
2077 2843 2232 2927 deniqne,
2273 2851 2310 2908 nt

309 2925 476 3004 (lastellio,
498 2926 592 2991 ouius
613 2932 712 2991 antea
731 2927 902 2992 levitatem
924 2927 1124 3003 notavimus,
1151 2934 1282 2990 uteret
1334 2925 1518 2990 horrendae
1549 2924 1798 2992 Libertinornm
1831 2934 1940 2993 seotae
1979 2927 2144 3007 homines,
2182 2929 2240 3012 qui
2274 2931 2310 2994 in

308 3010 448 3096 quadam
464 3011 731 3094 ταπεινοφροσόνης
747 3013 855 3094 speeie
866 3011 1069 3094 ineptissime
1080 3011 1281 3084 ambitiosus,
1334 3011 1477 3076 Galbam
1500 3031 1605 3093 usqne
1626 3030 1697 3076 sese
1719 3010 1888 3077 effundere
1905 3023 2087 3097 eoeperant‚
2108 3023 2222 3098 postea
2239 3036 2311 3082 sese

309 3119 348 3164 ao
369 3096 467 3179 plane
488 3117 530 3161 ex
553 3116 668 3161 eorum
690 3117 810 3179 genere
832 3117 913 3181 quos
931 3097 1051 3162 Graeoi
1073 3095 1283 3177 ἰδιογνώμονας
1333 3096 1421 3160 intra
1442 3095 1638 3162 Hollandiae
1656 3103 1689 3160 et
1704 3097 1929 3181 proximarum
1946 3101 2115 3184 regionum
2132 3104 2216 3167 fines
2233 3122 2310 3168 oon·

309 3181 493 3265 appellant,
514 3181 707 3265 indignatus
729 3181 815 3264 quod
837 3203 913 3248 snas
933 3182 1075 3264 ineptias
1096 3181 1132 3246 in
1154 3181 1284 3248 Gallina
1335 3181 1506 3246 tinuerint.
2412 3193 2413 3200 ’

309 3267 397 3333 Novi
424 3267 628 3332 Testamenti
656 3269 808 3334 versione
836 3267 976 3334 Calvino
1004 3289 1071 3333 non
1105 3265 1282 3350 probasset,

310 3373 451 3436 eousque
482 3352 633 3419 efferbuit
663 3361 701 3418 ut
732 3353 861 3418 exotioa
887 3352 1045 3437 quaedam
1074 3353 1189 3418 dooere
1216 3374 1285 3418 non
1420 3353 1485 3416 Tot
1504 3358 1613 3418 autem
1629 3351 1719 3420 illius
1737 3354 1816 3419 anni
1832 3354 1997 3423 laboribus
2015 3355 2206 3424 defunotnm
2225 3379 2310 3424 nove
2412 3423 2413 3426 ,

309 3448 483 3506 oontentus
510 3437 619 3522 palam
648 3440 747 3504 etiam
776 3437 951 3505 Oantienm
978 3438 1181 3517 Solomonis,
1211 3447 1284 3503 ten-
1335 3457 1469 3503 rursum
1498 3440 1679 3504 eertamina
1708 3442 1872 3524 sequentis
1901 3443 1996 3520 anni,
2011 3446 2037 3526 ¹)
2073 3465 2177 3528 eaque
2211 3444 2310 3527 longe
2412 3445 2413 3460 ¹

311 3545 409 3608 qnam
432 3525 596 3608 impuram
619 3530 652 3588 et
673 3523 865 3590 obseoenam
883 3525 1077 3604 oantionem,
1100 3547 1141 3589 ex
1159 3543 1286 3589 eanone
1335 3523 1530 3608 gravissima
1551 3535 1759 3607 exceperunt.
1802 3527 1890 3592 Nam
1911 3529 2004 3611 quasi
2026 3531 2128 3612 pestis
2149 3529 2310 3596 divinitus
2412 3557 2413 3616 3

311 3610 458 3694 expungi
475 3609 604 3675 iuberet
621 3617 653 3674 et
663 3618 882 3694 repugnantes
893 3611 1061 3676 ministros
1072 3609 1285 3676 atrocissimis
1334 3609 1483 3675 immissa
1503 3609 1747 3676 exhauriendas
1772 3611 1898 3678 eivitati
1928 3615 2052 3698 totique
2074 3616 2214 3682 vieiniae
2243 3637 2311 3681 non

310 3697 466 3763 conviciis
487 3695 721 3778 proscinderet.
765 3695 805 3761 Id
827 3695 878 3760 illi
899 3717 977 3760 voro
1004 3695 1067 3761 sibi
1088 3716 1155 3762 non
1176 3696 1284 3761 feren·
1335 3694 1515 3776 sufficeret,
1545 3716 1649 3778 usque
1678 3697 1760 3762 adeo
1789 3698 1876 3780 apud
1897 3701 2111 3782 pauperoulos
2133 3701 2311 3768 nonnullos

310 3781 391 3847 dum
412 3782 529 3846 merito
550 3783 615 3846 rati
636 3781 802 3846 hominem
825 3780 866 3846 ad
886 3791 1040 3847 senatum
1061 3791 1197 3848 vocant:
1227 3781 1285 3846 nbi
1336 3781 1476 3846 avaritia
1497 3793 1568 3846 tum
1590 3781 1712 3860 valuit,
1740 3803 1879 3866 quornm
1907 3805 2006 3867 opera
2032 3786 2166 3852 ditiores
2194 3789 2231 3852 in
2252 3807 2311 3852 en·
2412 3829 2413 3832 =

310 3867 416 3954 pridie
428 3866 564 3933 Oalend.
577 3867 665 3932 Iunii
682 3866 918 3950 patientissime
933 3866 1073 3942 auditus,
1091 3867 1285 3951 oegnitaque
1336 3865 1447 3932 randis
1476 3868 1617 3951 aegrotis
1649 3889 1688 3934 ao
1715 3869 1933 3953 repurgandis
1962 3871 2097 3938 aedibus
2129 3879 2311 3950 uterentur,

312 3974 410 4019 eausa
432 3951 614 4018 oalumniae
635 3953 817 4032 damnatus,
840 3973 882 4018 ex
904 3953 986 4019 urbe
1003 3953 1159 4018 exoedere
1176 3953 1286 4019 iussus
1336 3961 1375 4018 ut
1407 3964 1441 4016 et
1472 3953 1674 4034 horrendaf)
1708 3955 1932 4021 coniuratione
1970 3960 2125 4042 pestifero
2162 3961 2312 4042 unguine

313 4047 371 4105 est
414 4037 497 4103 Inde
518 4037 684 4104 Basileam
704 4060 805 4122 quum
828 4040 971 4105 venisset
999 4039 1131 4104 tandem
1160 4038 1207 4104 ibi
1228 4037 1285 4102 ad·
1336 4037 1508 4104 domorum
1530 4049 1638 4122 postes
1659 4061 1697 4106 ao
1718 4039 1835 4106 limina
1856 4050 1954 4124 atque
1976 4044 2041 4108 alia
2058 4045 2192 4128 quaevis
2213 4045 2312 4110 obvia
2412 4071 2413 4092 ι

311 4125 435 4190 missus
456 4123 585 4206 qualem
607 4145 642 4190 se
663 4125 864 4207 praestiterit
885 4124 964 4190 alibi
990 4145 1012 4189 a
1037 4125 1130 4190 nobis
1153 4125 1285 4191 ditetur.
1337 4125 1518 4200 inficerent,
1541 4123 1628 4190 unde
1648 4125 1809 4192 moxdira
1829 4128 1930 4210 pestis
1951 4129 2155 4213 sequebatur,
2178 4137 2211 4196 st
2233 4131 2310 4196 hor·
2412 4139 2413 4144 ’

314 4209 489 4276 Caeterum
522 4229 610 4274 anno
646 4211 812 4292 superiore
843 4231 945 4294 quum
979 4209 1118 4276 Oarolus
1150 4211 1286 4310 quintus
1337 4209 1477 4295 rendo⁸)
1508 4211 1721 4278 iureiurando
1758 4211 1937 4278 solenniter
1967 4225 2123 4298 ooneepto
2158 4217 2247 4280 inter
2277 4238 2311 4282 se

313 4293 470 4361 adversus
488 4294 623 4361 Gallum
645 4295 723 4361 totis
744 4295 871 4362 viribus
893 4316 1031 4362 movens
1042 4295 1219 4362 Germanis
1240 4297 1287 4362 sio
1338 4294 1482 4362 Satanae
1509 4317 1545 4362 se
1573 4298 1815 4380 manciparent,
1848 4300 1877 4365 si
1905 4301 2036 4368 seeleris
2062 4303 2208 4368 eonsoios
2235 4301 2311 4367 ullis
2412 4281 2413 4350 j

314 4381 470 4458 eavisset,
503 4392 541 4446 ut
572 4381 748 4464 tantisper,
787 4382 865 4446 dum
897 4381 1070 4448 eonsilium
1101 4381 1288 4449 universale
1338 4382 1511 4447 tormentis
1547 4381 1654 4448 adeoti
1682 4382 1913 4465 prodidissent.
1966 4387 2041 4452 Non
2068 4388 2163 4470 penei
2198 4396 2311 4454 tamen
2412 4383 2413 4420 ἢ

314 4473 484 4550 eogeretur
505 4467 590 4550 quod
612 4487 683 4532 sese
704 4478 894 4533 euraturum
923 4467 1148 4551 promittebat,
1179 4469 1287 4533 neutri
1338 4468 1515 4550 partimin
1537 4466 1626 4544 urbe,
1649 4469 1771 4552 partim
1791 4471 1828 4535 in
1847 4472 1965 4537 vieinis
1986 4473 2174 4558 regionibus
2196 4473 2311 4558 depre-

315 4552 460 4636 partium
483 4550 681 4634 praeiudieio
706 4553 806 4630 fanto,
836 4553 923 4618 inter
949 4574 1030 4636 quas
1060 4553 1101 4618 de
1127 4553 1288 4638 religione
1338 4553 1433 4618 hensi
1461 4553 1623 4636 iustisque
1650 4554 1819 4638 supplieiis
1848 4567 1925 4622 sunt
1954 4559 2071 4626 affeeti.
2115 4557 2183 4626 Sed
2204 4561 2311 4625 inore·

315 4637 575 4720 disoeptabatur,
601 4639 755 4720 utrinque
783 4641 855 4722 pari
882 4640 970 4704 inter
998 4661 1033 4704 se
1060 4639 1132 4704 iure
1154 4650 1288 4704 uteren-
1338 4638 1438 4705 dibile
1460 4639 1552 4706 diotu
1574 4649 1632 4718 est,
1654 4651 1811 4723 quantam
1834 4642 1992 4710 Genevae
2019 4653 2052 4710 et
2074 4645 2137 4728 ipsi
2158 4645 2310 4729 inprimis
2412 4683 2413 4712 ι

315 4733 387 4788 tur:
418 4723 598 4805 plurimum
627 4744 665 4788 ea
691 4745 727 4788 re
748 4733 928 4790 eommotus
948 4723 1095 4808 pontifex
1116 4725 1288 4791 Romanus
1339 4721 1479 4790 Omvino
1501 4725 1658 4790 invidiam
1671 4725 1775 4792 Satan
1798 4727 1860 4792 hoo
1881 4729 2019 4796 artifieio
2039 4732 2197 4811 eonflarit,
2220 4731 2310 4814 quasi
2412 4747 2413 4750 ’

314 4809 441 4876 Paulus
451 4807 756 4958 IIIffravissimam
772 4809 808 4875 in
828 4811 936 4894 ipsum
948 4809 1288 4894 ansaremexpostu·
1338 4810 1460 4876 soilieet
1480 4811 1525 4876 ibi
1548 4811 1644 4894 plane
1670 4812 1727 4878 ille
1757 4824 1925 4898 regnaret,
1954 4816 2011 4882 ubi
2042 4837 2139 4900 quam
2168 4818 2310 4882 maxime

315 4893 473 4960 lationem
500 4894 616 4971 eidit,
645 4895 731 4978 quod
759 4895 926 4962 natholiois
955 4896 1135 4963 haeretieos
1164 4897 1289 4964 soilioet
1338 4896 1599 4982 oppugnabatur.
2412 4901 2413 4914 ³

317 4985 531 5064 exaequasset
551 4987 586 5046 et
611 4981 647 5046 in
677 4980 816 5048 alienam
837 5003 976 5048 messem
996 4983 1146 5050 inieoisse
1172 4982 1288 5050 faloam

315 5065 494 5132 videretur.
529 5066 713 5152 Respondit
730 5067 861 5148 Caesar,
883 5067 969 5152 quod
990 5088 1129 5152 aequum
1151 5069 1288 5136 tensuit
1427 5120 1441 5172 1
1472 5119 1609 5176 mm.

1426 5187 1443 5241 2
1476 5189 1654 5246 Rerrutfonea
1672 5190 1737 5246 add.
1756 5191 1832 5244 inita.

406 5254 435 5324 l)
450 5253 602 5310 thXLllI.
1425 5256 1442 5311 b
1472 5258 1590 5312 terribili
1605 5261 1718 5317 sardan.
