4848 6120
133 326 182 388 133
939 317 1051 386 VITA
1074 317 1277 386 OALVINI.
2045 322 2105 386 134

132 521 189 576 tum
201 511 224 590 ¹)
242 505 410 572 nonnullis
427 507 548 574 sensim
567 529 609 572 ex
627 506 726 590 vulgo
743 512 841 590 atque
858 527 900 572 ex
917 506 1082 590 primariis
1133 508 1297 584 omittam,
1328 528 1408 591 quos
1436 508 1470 572 in
1500 507 1580 590 ipsis
1608 505 1740 573 leonum
1766 507 1914 574 ausibus
1935 515 2105 574 versantes

129 594 246 671 civibus,
268 593 324 676 qui
346 613 465 676 papam
487 592 618 676 quidem
639 592 980 659 exuerantOhristum
1002 613 1082 658 vero
1133 593 1341 677 undiquaque
1373 593 1483 659 missis
1515 593 1620 659 litoris
1653 593 1829 660 solabatur.
1885 594 2032 660 Accessit
2065 613 2105 660 eo

129 681 244 748 nomine
272 689 368 744 tenus
397 678 587 756 induerant,
621 676 769 744 odiosum
800 679 870 744 fuit.
921 678 1082 744 Nonnulli
1133 699 1221 744 anno
1242 679 1364 762 duplex
1385 677 1473 744 aliud
1491 679 1672 744 maximum
1690 679 1822 756 malum,
1845 699 1995 745 annonae
2017 678 2108 745 vide·

127 785 236 850 quoque
265 785 306 830 cx
336 765 377 828 iis
403 765 578 844 ministris,
606 764 663 847 qui
692 764 785 830 bonis
812 765 878 829 illis
907 765 1018 830 eiectis
1046 765 1082 828 in
1132 765 1208 832 licet
1231 765 1351 832 caritas
1373 772 1406 830 et
1427 764 1527 848 pestis
1549 765 1740 848 plerumque
1760 764 1849 830 illius
1871 784 1987 832 comes.
2023 765 2108 831 Erat

126 852 195 917 mbo
224 859 412 916 manserant
442 854 596 933 (quorum
630 860 739 915 tamen
772 851 937 934 praecipui
969 857 1083 934 postea
1134 859 1243 916 autem
1264 851 1347 916 haec
1368 851 1434 916 iam
1456 859 1527 915 tum
1550 851 1704 916 Genavae
1727 849 1934 930 consuetudo,
1956 859 1994 915 nt
2016 855 2107 934 peste

125 937 306 1022 flagitiorum
330 936 378 1000 rei
401 937 540 1018 turpiter
560 935 734 1001 stationem
756 935 992 1020 deseruerant),
1019 936 1082 1002 etsi
1133 936 1319 1003 laborantes
1336 957 1433 1002 snum
1451 943 1546 1001 extra
1563 936 1676 1001 urbem
1695 936 1917 1002 nosocomium
1932 935 2108 1001 haberent:

126 1021 296 1088 testimonio
307 1022 524 1088 conscientiae
541 1021 683 1088 convicti
700 1041 884 1105 repugnare
902 1042 967 1086 non
986 1019 1082 1086 aude·
1133 1021 1191 1087 ubi
1212 1043 1312 1106 quum
1333 1022 1473 1106 pastoris
1495 1023 1673 1088 constantis
1695 1043 1733 1087 ac
1755 1020 1858 1088 seduli
1880 1041 1980 1104 opera
2002 1021 2108 1104 requi·

125 1109 199 1187 bant,
216 1106 402 1172 clanculum
418 1117 529 1172 tamen
546 1107 747 1174 obsistebant
765 1128 863 1190 seque
880 1107 917 1172 in
934 1106 1082 1172 ordinem
1134 1117 1278 1186 teretur,
1308 1108 1470 1191 plerisque
1492 1108 1695 1191 contagionis
1724 1107 1905 1189 perieulum
1928 1105 2108 1174 detrectan-

124 1195 185 1277 oogi
215 1213 280 1258 non
312 1193 406 1258 facile
439 1194 657 1276 patiebantur.
712 1193 825 1276 Neque
857 1215 937 1260 vero
971 1192 1083 1258 deerat
1134 1194 1239 1274 tibus,
1268 1202 1335 1260 tres
1357 1214 1428 1258 sese
1451 1193 1655 1270 obtuleruut,
1680 1192 1838 1258 Calvinus
1860 1190 2026 1270 videlicet,
2050 1191 2109 1260 Se·

125 1279 197 1364 quod
222 1278 301 1344 huic
330 1299 407 1344 suae
436 1279 637 1362 improbitati
665 1287 912 1360 praetexerent,
945 1279 1082 1344 aliarum
1135 1280 1301 1346 bastianus
1324 1279 1479 1346 Oastellio
1500 1279 1555 1359 (de
1577 1300 1641 1362 quo
1663 1285 1775 1360 postea
1795 1278 1893 1361 plura
1916 1276 1965 1364 [B
1985 1276 2020 1366 4]
2046 1278 2110 1345 dic·

124 1365 259 1432 uidelicet
286 1364 496 1430 ecclesiarum
527 1363 728 1447 exemplum,
762 1365 797 1428 in
826 1364 942 1448 quibus
970 1364 1083 1428 nullus
1135 1367 1199 1430 turi
1226 1366 1370 1446 sumus),
1401 1373 1435 1428 et
1455 1366 1577 1430 Petrus
1606 1364 1738 1447 quidam
1770 1362 1988 1430 Blanohetus:
2022 1364 2110 1428 inter

124 1459 197 1516 essct
207 1450 535 1516 excommunicationi
554 1451 651 1516 locus.
673 1449 760 1515 *Non
779 1450 917 1514 deerant
934 1449 1083 1532 denique,
1134 1471 1215 1534 quos
1237 1452 1404 1516 sortitione
1425 1451 1521 1528 facta,
1545 1471 1643 1533 quum
1668 1449 1832 1528 Oastcltio,
1855 1450 1909 1516 cui
1931 1469 2002 1515 sors
2025 1448 2109 1515 obti-

142 1537 169 1600 ui
189 1535 379 1618 papisticam
401 1534 611 1620 tyrannidem
629 1536 676 1602 sio
697 1537 844 1602 revocari
866 1535 1081 1606 clamitarent
1136 1544 1235 1620 gerat,
1259 1545 1385 1601 mutata
1406 1535 1619 1600 nihilominus
1636 1535 1799 1600 sententia
1816 1535 1927 1600 subire
1944 1535 2005 1602 hoo
2024 1555 2109 1600 onus

124 1557 161 1687 11
206 1617 265 1685 has
294 1619 501 1686 difficultates
529 1621 607 1686 vicit
634 1620 767 1686 Oalvini
796 1621 980 1688 constantia
1008 1639 1084 1685 oum
1135 1622 1341 1705 impudenter
1362 1621 1567 1700 detrectaret,
1585 1621 1761 1687 Oalvinum
1778 1620 1921 1686 invitum
1932 1621 1959 1704 ¹)
1978 1627 2110 1687 senatus

123 1705 229 1790 insigni
250 1703 474 1772 moderatione
497 1707 686 1773 coniuncta:
717 1708 773 1790 qui
795 1728 897 1789 quum
917 1727 959 1771 ex
981 1707 1084 1772 sacris
1135 1710 1268 1792 ipseque
1289 1707 1370 1772 adeo
1392 1707 1606 1785 Blanchetus‚
1637 1707 1698 1772 hoo
1720 1727 1803 1772 onus
1824 1705 1860 1771 in
1882 1727 1917 1772 se
1939 1707 2108 1789 resipiens,

124 1791 212 1857 lteris
233 1813 302 1856 non
325 1791 491 1858 doctrinae
513 1791 610 1857 modo
628 1813 744 1858 verum
762 1793 860 1858 etiam
878 1791 1084 1856 administra·
1135 1794 1276 1878 amplius
1298 1793 1407 1859 sortiri
1430 1791 1677 1874 prohibuerunt.

124 1877 208 1942 tionis
229 1877 468 1944 ecclesiasticae
489 1878 665 1962 petendam
683 1899 754 1944 esse
772 1880 932 1944 rationem
951 1877 1084 1942 demon·
1221 1881 1306 1945 'tum
1335 1899 1461 1961 quoque
1488 1879 1552 1942 alia
1581 1879 1695 1961 gravia
1723 1876 1919 1942 inciderunt.
1963 1877 2048 1942 Nam
2076 1883 2110 1942 et

123 1971 263 2040 strasset,
298 1972 331 2028 ot
359 1963 620 2029 doctissimorum
651 1965 721 2030 aius
750 1964 871 2030 saeculi
904 1965 1083 2040 hominum,
1136 1967 1272 2031 Petrum
1284 1966 1468 2031 'llossanum
1479 1962 1825 2047 Mousbalgardensem
1835 1971 2000 2046 pastorem
2013 1983 2108 2028 exer·

123 2049 212 2114 ueluti
244 2047 507 2131 Oecolampadii‚
544 2050 705 2134 Ziringlii,
742 2050 889 2128 Zuichii,
926 2049 1084 2132 Philippi,
1136 2053 1230 2118 cebet
1262 2051 1482 2118 controversia
1515 2051 1554 2114 de
1587 2069 1688 2115 coena
1719 2047 1870 2128 Domini,
1902 2059 1937 2114 et
1964 2049 2109 2114 Basileus

124 2133 245 2210 Bucari,
269 2133 457 2216 Capitonis,
480 2135 628 2219 Myconii
658 2137 852 2201 sententiam
876 2135 1085 2218 exipsorum
1136 2157 1263 2220 quoquo
1295 2157 1361 2202 non
1391 2136 1540 2215 deerant,
1573 2135 1629 2218 qui
1656 2133 1893 2202 ecclesiasticae
1920 2133 2111 2216 disciplinae

123 2219 237 2302 seriptis
259 2219 467 2300 ostendisset,
489 2241 550 2286 nec
571 2227 744 2304 propterea
765 2220 913 2286 damnari
935 2221 1086 2285 ecclesias
1137 2223 1196 2288 uix
1218 2223 1303 2288 iacta
1325 2220 1556 2299 fundamenta,
1586 2221 1709 2286 frustra
1736 2217 1772 2284 in
1797 2220 2110 2295 ,8888188188-

123 2305 366 2388 ipsastauquam
378 2326 446 2368 non
459 2305 664 2385 christianas,
682 2327 764 2389 quae
781 2327 921 2388 eousque
940 2304 1085 2370 nondum
1137 2317 1231 2373 rante
1259 2308 1426 2390 Myconio.
1457 2307 1666 2382 subruerent,
1697 2306 1752 2388 qui
1780 2304 1844 2370 duo
1873 2305 2009 2371 consilia
2035 2326 2111 2370 cum

123 2391 353 2473 promovissent
362 2391 391 2472 ⁹)
412 2391 465 2456 vel
487 2413 541 2456 eos
563 2399 708 2474 pastores
731 2393 788 2474 qui
809 2412 886 2456 suos
908 2411 1025 2475 greges
1047 2411 1085 2454 eo
1139 2393 1276 2460 Calvino
1289 2394 1506 2458 conferebant.
1535 2391 1633 2476 Apud
1646 2391 1910 2456 Mediomatricos
1920 2399 2028 2456 autem
2040 2391 2111 2456 sive

123 2478 220 2542 baono
242 2497 311 2541 non
334 2476 484 2560 indigere
505 2477 749 2542 existimarent:
780 2476 921 2559 denique
950 2476 1084 2542 demon·
1138 2480 1302 2544 Metenses
1321 2478 1546 2544 etsiFarellus
1560 2499 1598 2542 eo
1613 2486 1768 2542 evocatus
1782 2476 1917 2541 feliciter
1933 2477 2111 2555 laborabat,

124 2569 246 2628 strasset
280 2572 440 2646 quantum
472 2564 560 2626 inter
590 2563 783 2646 papisticam
815 2562 1026 2645 tyrannidem
1052 2571 1085 2626 et
1138 2585 1220 2646 opus
1242 2575 1352 2628 tamon
1374 2563 1509 2627 Domini
1538 2564 1658 2644 partim
1687 2571 1800 2644 aperta
1821 2562 1869 2639 vi,
1900 2565 2020 2644 partim
2050 2584 2110 2646 par

123 2647 223 2729 iugum
245 2647 385 2712 Domini
409 2646 562 2733 [181115]
586 2650 767 2726 interesset,
790 2648 932 2712 obtinuit
942 2648 969 2731 8)
991 2647 1085 2712 facile
1138 2657 1319 2732 apostatam
1340 2649 1477 2713 Petrum
1502 2647 1627 2724 Caroli,
1656 2648 1750 2712 cuius
1772 2655 1869 2711 antea
1891 2647 2111 2728 meminimus,

124 2743 155 2797 nt
182 2733 419 2800 ecclesiasticae
451 2733 584 2816 politiae
616 2733 721 2818 leges,
757 2733 873 2816 quibus
906 2733 1085 2797 etiamnum
1138 2733 1232 2799 valde
1250 2733 1495 2816 impediebatur.
1532 2731 1660 2813 Quibus
1682 2733 1716 2796 in
1738 2730 1835 2797 rebus
1852 2742 2011 2814 quantum
2033 2734 2112 2798 sori·

123 2819 215 2882 utitur
244 2819 327 2886 haec
355 2819 506 2896 ecclesia,
538 2840 667 2884 summo
695 2839 854 2884 consensu
883 2819 1086 2900 conscriptae
1138 2819 1253 2895 bando,
1275 2817 1452 2897 monendo,
1475 2816 1650 2896 hortando,
1673 2815 1778 2882 modis
1800 2817 1950 2882 omnibus
1973 2817 2112 2900 denique

123 2905 276 2988 perlectae
308 2903 486 2987 populique
515 2904 681 2987 suffragiis
710 2903 865 2986 probatae
875 2907 904 2984 ⁴)
931 2913 991 2967 XX.
1019 2902 1085 2968 No·
1138 2904 1295 2970 laborarit
1316 2903 1493 2980 Calvinus,
1516 2903 1636 2987 partim
1659 2923 1701 2966 ex
1724 2903 1793 2969 eius
1816 2901 1911 2968 editis
1932 2903 2038 2968 litoris
2060 2905 2111 2968 in·

124 2991 255 3056 cambris
295 2991 529 3072 reciperentur.
584 2990 677 3056 Haeo
715 2990 777 3056 etsi
816 2988 953 3054 feliciter
992 2996 1087 3053 erant
1138 2990 1370 3073 telligipotest,
1389 2989 1510 3072 partim
1529 3009 1607 3054 vero
1626 2990 1680 3070 qui
1699 2996 1776 3053 snut
1793 2986 1901 3054 adhuc
1918 2989 2112 3073 superstites

123 3085 234 3158 coepta,
268 3083 380 3141 tamen
413 3095 514 3158 quum
541 3095 607 3140 non
634 3077 705 3141 sine
736 3073 928 3140 difficultate
957 3075 1087 3156 reipsa
1138 3077 1365 3142 testificantur.
1399 3073 1522 3142 Sedet
1546 3073 1700 3139 audacior
1724 3094 1823 3156 quam
1847 3093 1993 3158 unquam
2014 3081 2114 3141 antea

124 3163 264 3245 usurpari
294 3181 390 3245 posse
419 3159 640 3227 consideraret
666 3159 839 3238 Calvinus,
868 3169 959 3224 totus
987 3161 1022 3224 in
1047 3179 1085 3224 eo
1138 3161 1288 3228 Sorboua
1309 3162 1401 3226 Petri
1423 3161 1537 3239 Liseti,
1560 3167 1631 3223 tum
1652 3160 1687 3223 in
1709 3159 2113 3228 ParlameutoParisiensi

124 3255 185 3312 erat
205 3257 242 3312 ut
263 3255 296 3312 et
318 3247 488 3326 Viretnm,
511 3267 605 3330 quem
629 3247 669 3311 ad
692 3255 822 3328 tempus
844 3245 1005 3310 duntaxat
1027 3245 1086 3310 ali·
1138 3249 1310 3331 principis,
1339 3247 1500 3312 infaustae
1532 3245 1732 3328 infeliciaque
1764 3247 1940 3311 memoriae
1972 3246 2115 3313 hominis

124 3332 198 3413 quod
226 3343 457 3398 concesserant
484 3333 684 3408 Beruenses,
715 3339 749 3396 et
775 3331 960 3408 Farellum,
990 3351 1086 3414 quem
1137 3335 1260 3413 favore,
1283 3353 1362 3398 ausa
1383 3333 1446 3396 fuit
1466 3331 1603 3410 facinus,
1627 3331 1713 3413 quod
1736 3331 1856 3396 mirum
1878 3332 1983 3398 videri
2004 3339 2115 3415 posset

123 3416 391 3500 rammasses)
413 3419 552 3483 eiectum
575 3425 786 3500 exceperant,
809 3417 950 3500 collegas
972 3438 1087 3500 perpe·
1138 3421 1305 3502 episcopos
1327 3427 1383 3483 aut
1406 3419 1514 3499 ipsum
1533 3417 1648 3482 saltem
1667 3417 1852 3500 pontificem
1870 3419 1939 3499 pati
1958 3419 2113 3501 potuisse,

124 3511 187 3568 tuos
208 3504 359 3569 haberet:
389 3503 446 3568 sod
469 3503 529 3568 hoo
551 3502 675 3568 frustra
696 3503 850 3578 tentavit,
872 3503 988 3566 Vireto
1010 3523 1087 3567 mox
1137 3506 1201 3571 nisi
1223 3503 1415 3587 iampridem
1434 3503 1643 3568 ecclesiarum
1661 3503 1776 3585 opibus
1794 3505 1879 3570 inter
1900 3524 1944 3580 se,
1967 3511 2006 3568 ut
2026 3504 2113 3568 inter

123 3587 324 3654 Lausannam
348 3609 495 3666 reverso,
518 3587 649 3654 Farello
677 3609 756 3652 vero
778 3587 934 3652 Neocomi
960 3609 1088 3670 perma-
1139 3589 1319 3673 praedones
1335 3590 1406 3654 fieri
1425 3589 1517 3664 solet,
1536 3586 1764 3670 dispertiendis
1782 3589 1930 3670 occupati
1941 3609 2000 3654 suo
2017 3608 2113 3672 prae·

123 3685 220 3752 nante,
244 3685 282 3740 ut
304 3674 476 3740 restitutae
497 3673 597 3740 huius
618 3673 772 3741 ecclesiae
794 3673 923 3739 laudem
935 3673 963 3758 6)
985 3694 1088 3757 paene
1139 3678 1233 3759 cipue
1244 3695 1390 3751 munere,
1410 3674 1494 3757 quod
1513 3675 1547 3738 iu
1566 3673 1847 3739 administratione
1865 3674 1956 3739 verbi
1969 3676 2112 3757 positum

124 3759 202 3826 solus
224 3769 416 3844 reportaret.
1139 3769 1242 3841 esset,
1270 3761 1356 3826 ultro
1378 3761 1471 3826 bonis
1500 3761 1571 3825 istis
1593 3779 1675 3841 quos
1696 3769 1815 3824 vocant
1838 3757 2021 3824 doctoribus
2043 3779 2112 3825 oes-

1138 3848 1273 3912 sisscnt:
1308 3867 1346 3910 ea
1376 3853 1486 3912 tamen
1515 3845 1715 3922 conditione,
1754 3855 1791 3909 ut
1822 3853 1979 3927 tanquam
2015 3865 2112 3910 canes

200 3947 294 4014 Anno
317 3949 511 4032 sequenter)
534 3947 709 4013 calvinum
733 3969 796 4012 „011
819 3967 922 4030 pauca
952 3965 1087 4010 emon.
1139 3932 1279 3998 dominis
1307 3931 1373 3997 illis
1403 3933 1470 3996 suia
1498 3931 1717 4007 subserviant,
1753 3950 1794 3994 ex
1823 3951 1961 4013 quorum
1990 3930 2111 3996 mensis

122 4045 221 4099 arunt.
264 4035 312 4102 Ut
341 4035 429 4099 enim
456 4055 541 4117 quae
568 4033 655 4098 domi
684 4035 846 4114 urgebant
873 4039 1086 4115 praeteream,
1138 4039 1212 4082 0⁸⁸³
1244 4018 1376 4117 1111116111
1409 4015 1527 4082 millies
1569 4015 1746 4100 abligurita
1778 4015 1963 4117 corrodunt.
2018 4019 2112 4082 Ausa

121 4117 259 4186 instabat
279 4131 351 4184 tum
373 4121 450 4186 foris
467 4122 567 4184 etiam
584 4121 809 4184 inflammatus
827 4119 969 4182 hostium
988 4136 1087 4182 evan·
1120 4103 1246 4198 ,11111111
1276 4105 1378 4203 1311111
1407 4100 1571 4178 8011101111,
1588 4101 1696 4201 ,11111111
1728 4122 1833 4200 11111110
1865 4102 1977 4201 11111110
2006 4123 2111 4185 n‘'llll‘’

121 4204 192 4287 gatii
213 4207 313 4274 furor.
336 4205 457 4270 multos
479 4227 521 4270 ox
534 4205 645 4270 Gallia
665 4215 698 4270 aa
718 4205 813 4270 Italia
835 4205 869 4268 in
892 4203 1032 4269 vicinam
1055 4213 1087 4268 at
1139 4189 1282 4254 humano
1304 4211 1373 4254 mre
1395 4188 1491 4266 fulta,
1521 4187 1596 4252 fider
1625 4187 1820 4252 chramnus
1842 4188 1994 4253 caecatos
2016 4208 2111 4271 prae-

121 4290 251 4356 relebris
270 4293 337 4356 iam
361 4291 504 4356 nominis
525 4291 641 4356 urbem
663 4291 852 4368 extrudens,
874 4289 990 4372 quibus
1013 4309 1086 4354 con·
1138 4277 1289 4353 scribere,
1312 4274 1472 4340 eiusmodi
1488 4273 1629 4372 quidem,
1648 4281 1686 4338 ut
1706 4281 1777 4371 tum
1795 4293 1855 4372 sua
1871 4273 2021 4373 falsitate,
2039 4281 2111 4373 tum

121 4375 258 4444 selandia
278 4377 450 4459 omnisque
479 4379 574 4442 officii
605 4397 724 4460 genere
752 4375 936 4441 reficiendis
966 4373 1086 4440 mirum
1137 4361 1202 4426 11118
1224 4363 1360 4426 summis
1381 4362 1529 4442 lnepliffl,
1558 4379 1640 4441 quati
1661 4366 1740 4423 sunt
1760 4358 1809 4422 llll
1830 4358 1993 4424 sodalitati
2016 4360 2110 4424 faml-

120 4471 235 4541 qusnto
266 4462 376 4528 studio
410 4483 480 4528 sese
512 4463 579 4528 iam
609 4473 677 4527 tum
710 4461 925 4547 impenderit:
961 4469 998 4526 ut
1031 4481 1086 4528 eos
1137 4446 1477 4528 1111180111111111111111
1505 4446 1585 4528 111111
1615 4445 1822 4544 admistam
1852 4444 1938 4527 apud
1960 4445 2110 4544 1011111111

1137 4555 1204 4598 non
1236 4554 1369 4616 prorsus
1401 4537 1546 4596 amentes
1579 4537 1695 4595 merito
1734 4529 1891 4614 derogare
1926 4539 2108 4612 potucrmt:

120 4634 315 4646 ““““·
1137 4620 1254 4703 quibus
1280 4629 1389 4683 tamen
1420 4617 1476 4682 alii
1502 4623 1609 4694 metu,
1640 4615 1695 4679 alii
1724 4635 1782 4698 per
1802 4616 2001 4698 imperitiam
2022 4616 2109 4682 ultro

202 4751 216 4804 1
248 4755 313 4807 aueo
332 4759 396 4806 m
414 4753 558 4821 probarum
576 4767 626 4806 m
646 4759 752 4808 mma·
1136 4705 1405 4800 subscripserant.
1427 4703 1555 4801 'Itaque
1577 4701 1744 4800 respondit
1761 4701 1980 4800 iisDelviuus,
2003 4703 2049 4766 ita
2070 4707 2110 4766 ut

199 4753 386 4890 2188888118
403 4839 458 4876 non
475 4823 589 4875 multum
608 4823 716 4876 diverse
739 4823 845 4877 ratione
870 4821 986 4876 rebelles
1010 4839 1085 4877 ocer-
1136 4799 1170 4856 ⁰¹⁵
1191 4811 1318 4856 ffl'fffl'ffl
1340 4787 1453 4888 ⁸⁰l¹d‚¹⁸‚
1475 4788 1655 4886 ml¹⁰me¹⁸
1678 4786 1864 4870 Pffl'ffl'u‘llte
1883 4788 2051 4887 reformet,
2074 4793 2119 4886 ‘ft'

119 4895 210 4941 arent
226 4891 282 4944 edd.
301 4907 368 4945 racc.
1136 4875 1313 4942 eorundem
1336 4873 1508 4940 stultitiam
1536 4873 1688 4939 omnibus
1719 4893 1785 4938 non
1815 4881 1947 4957 penitus
1975 4872 2107 4940 rusulsrs

201 4955 446 5094 {fflffifffl
464 4958 547 5081 mle&
564 4959 702 5012 abstinuit.
1136 4963 1281 5028 suaviter
1301 4959 1514 5026 deridendam
1535 4960 1730 5044 propinaret.

201 5094 219 5146 b
247 5097 350 5151 eosdem
368 5096 432 5150 odd.
452 5097 491 5148 nti
509 5096 631 5150 diximus.

201 5161 219 5214 6
249 5165 308 5218 cdd.
328 5165 460 5219 Calvinus.
1068 5205 1071 5212 .
1872 5181 1875 5187 .

203 5231 218 5282 1
249 5233 383 5288 uuxtlt.
727 5261 730 5268 ,
1222 5234 1251 5304 1)
1267 5235 1331 5288 licet
1348 5235 1422 5288 ultro
1439 5249 1468 5287 se
1486 5233 1651 5288 offerentem.
1688 5231 1762 5288 Edd.
1781 5237 1887 5287 receuti.

1866 5315 1900 5370 91
