4712 6134
94 439 144 500 737
909 426 1129 496 ANNALES
1154 433 1246 497 leco.
2020 437 2084 502 738

423 652 697 720 NOVEMBRE·
1105 616 1409 772 hmdthuoalvin
1429 727 1565 790 propose
1581 707 1620 772 de
1635 727 1773 774 mmet
1791 706 1837 774 ΟΖ.
1850 707 2008 776 Buduel
2024 712 2083 778 lcu-

92 757 322 910 vonllolildsdurc
332 847 434 908 ababa
451 843 518 906 ium
528 839 666 906 absoluto
677 840 848 906 incidimus
864 839 900 905 ia
910 839 945 904 al
951 839 957 854 '
1103 795 1172 856 leur
1193 790 1215 855 ὰ
1236 791 1270 856 la
1286 793 1386 892 pm·
1398 793 1437 858 de
1460 793 1617 876 Taml
1644 793 1756 860 (1ὼὲᾱὲ
1774 841 1972 862 ””””
1996 795 2083 863 Item

944 859 1053 922 ‘imm
1104 897 1166 957 que
1188 877 1297 942 Enoc
1319 877 1426 943 desire
1444 877 1484 942 de
1502 878 1602 944 saller
1620 880 1707 944 tenir
1729 901 1749 944 a
1767 879 1802 946 S.
1822 879 1964 946 Gerrais
1986 883 2018 946 la
2040 903 2083 948 ou

90 925 1053 1096 lluuculslclbft’lf‘illuitd
1103 960 1651 1115 surculus
1666 965 1974 1135 &nullu

90 1104 166 1166 illm
184 1101 261 1166 libel·
1102 1134 1218 1200 sieurs.
1252 1135 1296 1198 Et
1307 1156 1428 1218 pource
1440 1157 1502 1218 que
1514 1136 1560 1201 M.
1574 1136 1771 1200 Dandune
1788 1137 1939 1203 ministre
1961 1161 1981 1204 a
1999 1140 2083 1204 mai·

161 1253 378 1319 ornatissimo
401 1251 472 1316 viro
495 1260 527 1316 et
550 1249 703 1316 eeclesiae
725 1249 905 1332 wigurinae
928 1249 1050 1318 doctori
1103 1241 1162 1284 son
1184 1240 1303 1302 propre
1325 1221 1393 1306 quil
1412 1221 1514 1304 plaise
1531 1222 1741 1288 aMessieurs
1764 1222 1821 1306 luy
1843 1224 1924 1288 faire
1946 1227 2084 1307 pensicn

89 1339 259 1406 fidelissimo
282 1339 323 1404 D.
342 1337 444 1404 Petro
467 1336 611 1421 Martyri
638 1335 731 1402 fratri
756 1336 909 1420 inprimis
939 1338 1050 1403 obser·
1102 1307 1547 1476 ξὲὲῖἓεὲἓϋιοέἒὲξοξῖᾚ
1568 1308 1843 1461 ffifffltsgrg'
1853 1309 2083 1462 eflugsrgffiglrg

89 1425 191 1491 '³³⁶⁰'
1102 1475 1196 1560 (Ro.
1219 1477 1264 1542 ca
1288 1476 1419 1544 Causea
1442 1478 1496 1561 fou.
1521 1484 1561 1543 ue
1583 1483 1626 1556 υ.)

160 1561 192 1627 S.
215 1562 272 1626 Me
296 1581 423 1645 quoque
440 1559 655 1624 uehementer
672 1567 847 1643 rogaverat
864 1557 990 1642 Oaspar
1012 1567 1051 1624 ut

88 1659 114 1711 te
139 1648 175 1712 ad
196 1647 401 1731 provinciam
429 1645 469 1710 de
492 1666 556 1729 qua
578 1645 708 1718 scribis.
732 1645 917 1710 venerande
939 1647 1049 1725 frater,
1101 1645 1203 1702 Mardi
1221 1649 1263 1704 12·

87 1733 312 1816 suscipiendam
337 1733 488 1797 hortarer
509 1730 592 1796 meis
614 1729 728 1795 literis.
754 1729 851 1810 Quod
871 1729 931 1794 tibi
943 1752 1050 1813 nuper
1186 1733 1270 1800 quu
1299 1733 1445 1818 Riucry
1470 1735 1582 1801 elimat
1607 1734 1642 1800 la
1662 1737 1857 1816 peccamen
1884 1737 2082 1822 cumprime

86 1820 258 1902 significare
279 1819 314 1884 in
338 1819 448 1884 animo
470 1825 542 1881 erat
562 1816 628 1881 nisi
650 1815 743 1880 dolor
765 1817 881 1899 capitis
902 1816 1049 1882 obstitis·
1100 1819 1155 1884 dcc
1180 1819 1333 1885 Psuumce
1353 1841 1426 1886 cecc
1442 1821 1641 1886 auaotmioas
1661 1825 1689 1886 el
1709 1821 1743 1886 lu
1757 1841 1854 1903 proce
1872 1843 1944 1888 auec
1953 1826 2081 1906 puibrcc

86 1907 268 1982 estanneio
291 1905 397 1988 magis
419 1923 516 1986 quam
536 1902 736 1968 credideram
759 1913 964 1986 properante.
1011 1904 1048 1968 Si
1099 1903 1232 1970 aebeat
1252 1907 1328 1971 uua
1349 1906 1467 1974 mooun
1489 1907 1604 1984 (ibid).

85 1991 114 2054 in
141 2001 192 2056 tuo
214 1991 353 2056 arbitrio
383 2010 436 2054 res
464 1997 564 2068 esset,
598 1987 734 2052 liberius
767 1999 877 2053 tecum
907 2010 1048 2073 agerem.

85 2075 197 2141 Verum
216 2077 294 2160 quia
312 2074 475 2159 migrandi
496 2072 630 2138 libertas
649 2073 690 2138 ab
707 2073 901 2156 amplissimi
918 2087 1051 2140 senatus
1189 2113 1227 2124 -
1251 2077 1336 2142 deca
1357 2075 1517 2142 Durani
1541 2077 1672 2143 librcire
1698 2078 1809 2142 ubiieat
1836 2078 1869 2142 lo
1886 2081 2080 2160 pmueciea

86 2164 246 2227 autoritate
283 2171 317 2226 et
345 2163 483 2225 fratrum
513 2181 673 2226 censensu
694 2159 831 2242 pendet,
866 2181 930 2225 non
961 2159 1050 2225 aliud
1100 2163 1244 2246 descire
1264 2163 1406 2230 treduire
1427 2162 1654 2230 lecutccbicme
1673 2163 1712 2228 dc
1730 2163 1945 2249 Bulliaper
1964 2165 2080 2248 (ibid).

84 2247 155 2311 mibi
175 2247 376 2332 relinquitur
398 2247 461 2311 nisi
483 2255 521 2311 nb
542 2245 716 2310 consilium
738 2266 849 2310 meum
876 2266 1049 2328 exponam.

85 2331 118 2399 Si
136 2333 168 2398 in
188 2333 302 2398 schola
319 2331 361 2398 ad
384 2352 480 2416 quam
504 2331 681 2398 accerseris
702 2331 818 2414 religio
843 2332 943 2414 probe
965 2339 1052 2397 esset
1101 2331 1260 2388 vendredi
1278 2335 1319 2390 15·

84 2421 259 2570 (⁰1⁰m·p⁰⁸1i)t⁸·'
284 2417 506 2568 (qullodmodo
535 2415 617 2566 militi
646 2416 790 2565 placoqeb
818 2418 914 2566 istinq
937 2427 970 2482 te
993 2417 1050 2482 ab·
1159 2419 1382 2571 'offatm
1397 2419 1531 2572 meg
1548 2421 1660 2486 decen
1676 2419 1769 2502 appel
1785 2441 1830 2486 uu
1847 2422 1904 2486 roi.
1940 2421 2070 2488 Frua-

103 2526 158 2569 ocr.
226 2527 281 2570 ern
306 2525 324 2568 o
347 2526 374 2569 si
415 2523 522 2568 euna
558 2522 673 2566 anum
697 2523 736 2566 ur
759 2523 777 2566 e
799 2522 961 2586 agerent,
984 2523 1050 2568 nun
1103 2525 1192 2586 porc
1256 2555 1263 2570 .

83 2601 157 2656 esset
177 2592 258 2656 satis
279 2591 369 2654 iusta
385 2590 615 2671 compensatio.
649 2587 764 2670 Neque
786 2609 838 2652 me
856 2587 934 2654 latet
952 2611 1050 2672 quam

83 2676 163 2742 utilis
184 2678 226 2741 sit
251 2685 330 2741 tuus
365 2675 458 2739 labor
485 2673 617 2758 Tiguri,
640 2682 674 2736 et
700 2693 799 2756 quam
829 2673 894 2738 lats
922 2675 1050 2740 fructus
1101 2675 1203 2732 Laudi
1215 2677 1258 2732 18.

84 2763 145 2827 cius
170 2771 292 2846 pateat.
344 2761 472 2824 Verum
502 2759 530 2824 si
554 2771 610 2823 tuo
638 2756 785 2823 adventu
813 2762 923 2841 pacari
953 2771 1051 2842 queat
1190 2761 1235 2828 de
1257 2763 1362 2828 Beue
1393 2761 1544 2828 demuude
1577 2781 1637 2844 prce
1669 2761 1703 2828 lu
1728 2763 1852 2828 maisou
1884 2765 1923 2831 de
1956 2765 2004 2832 M.
2034 2768 2079 2834 dc

84 2848 275 2930 amplissima
296 2847 386 2926 ditio,
409 2847 437 2912 ei
458 2847 493 2910 in
516 2865 555 2909 ea
572 2845 711 2910 stabiliri
734 2844 901 2910 doctrinae
923 2847 1050 2928 puritas
1105 2847 1247 2914 Saulus
1269 2847 1350 2930 (Des
1363 2847 1507 2928 Gallurs)
1529 2847 1609 2930 qu'il
1629 2848 1696 2914 dcii
1711 2846 1840 2928 habitur,
1861 2851 1922 2916 scii
1938 2851 2077 2934 reparer.

83 2945 112 2997 et
129 2935 269 2999 coerceri
291 2930 496 3017 quorundam
514 2929 652 2996 audacia
673 2930 729 3012 qui
747 2930 827 2996 alios
845 2951 911 2996 non
935 2953 1051 2998 veren·
1104 2933 1195 3018 (ch.
1219 2934 1263 2999 du
1287 2932 1419 3000 Οοπεείῑ.
1439 2934 1494 3016 sol.
1520 2939 1576 3000 101
1602 2942 1646 3010 a.)

83 3025 139 3094 tur,
154 3019 295 3102 optarim
314 3019 432 3083 iratres
450 3029 578 3082 nostros
597 3036 664 3080 non
677 3025 806 3080 tantum
824 3037 944 3084 munus
962 3016 1050 3097 dare,

82 3103 130 3168 sed
147 3125 264 3170 causae
281 3103 498 3186 patrocinium
517 3103 682 3183 suscipere
705 3099 791 3184 apud
813 3103 1050 3185 amplissimum
1189 3141 1228 3152 —-
1252 3105 1402 3170 Maturin
1424 3103 1617 3172 Gordier:
1648 3124 1705 3170 sus
1734 3124 1770 3170 ce
1791 3104 1862 3188 quil
1883 3114 1935 3171 est
1955 3127 2079 3190 panvre

82 3201 240 3268 senatum,
271 3211 314 3256 ne
340 3189 571 3272 profectionem
602 3185 767 3269 impediat,
796 3191 989 3270 praesertim
1023 3191 1051 3255 si
1103 3191 1160 3256 des
1189 3191 1283 3256 biens
1313 3190 1357 3255 du
1382 3190 1501 3256 monde
1531 3201 1566 3256 et
1592 3210 1655 3274 que
1683 3209 1810 3254 aucuns
1839 3192 1971 3257 veulent
1997 3193 2079 3262 faire

83 3275 117 3339 cd
138 3287 275 3360 tempus.
309 3275 424 3358 Neque
442 3295 521 3340 vero
539 3295 591 3338 me
609 3273 692 3337 latet
713 3287 869 3356 quantam
890 3275 1051 3340 iacturam
1102 3298 1167 3342 une
1186 3277 1319 3343 collecte
1341 3298 1425 3360 pour
1446 3277 1519 3361 luy:
1547 3285 1671 3342 arreste
1692 3297 1780 3357 quon
1810 3275 1841 3340 le
1863 3276 1935 3342 leur
1952 3287 2081 3362 peruret

81 3381 117 3424 ex
137 3365 213 3426 anni
236 3361 336 3426 unius
354 3360 595 3424 intermissione
616 3357 745 3425 factura
766 3359 810 3424 sit
826 3359 1050 3444 sobola'Pigu·
1102 3371 1136 3427 et
1158 3362 1337 3430 Messieure
1354 3362 1414 3446 luy
1431 3361 1580 3428 donnent
1605 3366 1643 3426 10
1663 3361 1777 3427 florins
1800 3361 1890 3443 (ibid.
1911 3363 1964 3447 sol.
1990 3370 2080 3444 102).

81 3447 155 3512 rina:
184 3467 294 3530 neque
323 3445 357 3510 id
386 3466 445 3528 pro
474 3444 579 3510 nihilo
609 3466 629 3508 a
656 3465 708 3509 me
739 3443 877 3510 ducitur.
922 3445 1049 3510 Verum

81 3533 146 3614 quia
167 3533 235 3599 lore
258 3532 399 3615 aliquem
424 3531 511 3614 apud
533 3551 591 3596 vos
609 3529 737 3596 confido
755 3532 811 3612 qui
833 3529 977 3596 absentis
998 3532 1051 3596 vi·
1100 3531 1256 3588 lloreredi
1273 3533 1322 3588 20·

82 3638 143 3682 cem
162 3618 269 3696 obeat,
292 3618 354 3684 hoc
377 3637 506 3700 quoque
532 3615 638 3700 pretio
661 3636 727 3680 non
751 3615 864 3682 dubito
887 3617 1050 3682 redimen-
1190 3617 1364 3686 Concilium
1388 3617 1608 3683 Trideata'num
1629 3618 1728 3684 decue
1750 3625 1942 3686 convocatur.

82 3701 149 3769 dum
176 3725 250 3770 esse
271 3702 527 3801 incomparabile
556 3700 688 3785 aliquod
710 3702 831 3766 bonum
854 3702 940 3800 quod
962 3715 1050 3769 certe

80 3797 348 3942 iilddsdsddlrrlilirte
366 3787 773 3956 silllddrillddeqnuddvdidma
784 3787 1050 3939 ῗέῑῗὲῗιξέιιξιὲῑ
1100 3789 1291 3942 malregdlc
1318 3875 1357 3940 de
1381 3873 1502 3940 cenae
1529 3873 1550 3937 ὰ
1574 3873 1678 3940 Barac
1705 3895 1750 3940 aa
1773 3877 1852 3958 sajet
1878 3875 1932 3942 dcc
1952 3875 2076 3944 boam

80 3961 201 4028 solavit.
243 3961 367 4026 Hostes
392 3959 524 4024 tandem
554 3959 671 4025 cristas
701 3957 869 4036 deiicient,
892 3960 1050 4042 quisunt
1101 3961 1179 4044 (Ep.
1204 3965 1313 4038 3282.)

80 4045 177 4113 adbuc
198 4047 365 4114 sanabiles
385 4046 588 4128 resipiscent.
618 4043 671 4109 Pii
688 4045 815 4122 iratres,
837 4044 954 4126 quibus
973 4045 1049 4112 hac·

81 4139 168 4197 tonus
178 4133 376 4198 insultatum
393 4141 452 4211 est,
474 4131 630 4195 recreatis
647 4129 944 4196 animiscordatius
968 4151 1049 4215 pug·
1189 4167 1228 4178 -
1253 4129 1379 4198 Cende
1399 4131 1607 4198 condemned
1628 4137 1715 4196 morl.

81 4217 213 4282 nabunt:
236 4220 320 4284 forte
343 4219 442 4282 etiam
464 4217 639 4283 mitescent
660 4216 760 4281 vieini
790 4215 893 4282 donoc
915 4217 1049 4282 tandem

81 4303 271 4369 cicurenbur.
318 4304 390 4368 Nisi
413 4311 529 4387 sponte
546 4301 588 4366 ad
609 4301 695 4366 hane
711 4301 953 4385 expeditionem
976 4323 1050 4386 pro-
1100 4300 1259 4358 Vondredi
1277 4301 1374 4372 29·(?)

81 4409 193 4469 pensus
220 4391 318 4466 fores,
349 4389 499 4473 pluribus
526 4401 560 4453 te
583 4389 747 4452 hortarer:
780 4389 898 4453 fratres
924 4389 1050 4452 interea
1188 4387 1271 4453 Piae
1293 4385 1356 4452 IV.
1378 4386 1545 4454 concilium
1570 4387 1789 4454 Trideatiaum
1808 4393 1960 4454 conuocat.
2000 4389 2078 4474 (Ep.

81 4489 199 4542 nostros
221 4476 368 4542 obtestor
391 4484 427 4538 ut
445 4475 512 4540 sint
530 4473 703 4539 adiutores.
734 4473 819 4538 Nam
837 4475 1049 4552 occasionem,
1102 4477 1213 4554 3323.)

81 4579 155 4641 quae
183 4562 328 4626 maxime
351 4559 504 4624 omnibus
535 4560 623 4625 votis
651 4558 835 4641 expetenda
861 4559 937 4638 luit,
971 4560 1049 4624 dum

81 4657 203 4726 praeter
221 4667 314 4730 spem
333 4646 479 4720 offertur,
502 4646 551 4710 fas
570 4641 660 4732 [uon]
680 4653 730 4709 est
749 4645 923 4727 negligere.
955 4645 1047 4723 Vale,
1451 4625 1720 4709 DEOEMBRE.

81 4735 278 4799 ornatissimo
300 4733 354 4797 uir
376 4741 408 4796 et
430 4729 634 4796 observande
657 4732 766 4796 frater.
803 4730 948 4796 Uxorem
971 4753 1049 4814 gau·
1099 4729 1194 4786 Jeudi
1212 4729 1239 4784 ὅ·

81 4815 134 4881 deo
155 4840 225 4886 esse
247 4819 367 4883 iterum
410 4816 567 4896 ravidam,
586 4817 637 4882 cui
660 4815 785 4880 felicem
804 4827 934 4899 partum
954 4827 986 4880 et
1004 4818 1049 4882 fa·
1187 4815 1433 4880 Franciscue
1456 4813 1505 4879 II.
1525 4834 1582 4878 rex
1602 4815 1744 4880 mitur.
1768 4875 1772 4884 ,
1792 4814 1870 4898 (Ep.
1896 4817 2005 4892 3291.)

79 4903 166 4968 cilem
188 4905 356 4988 precabor.
431 4903 560 4968 ominus
583 4923 641 4966 vos
664 4911 836 4967 conservet
857 4902 1048 4981 incolumes,

84 4989 194 5070 spiritu
223 5011 283 5056 suo
319 5011 431 5073 regere
461 4999 578 5072 pergat
607 5009 645 5052 ac
672 4985 950 5087 benedictionibus
980 4989 1050 5056 suis
1100 4987 1195 5042 Jflfflli
1213 4987 1255 5040 ¹2·
1370 5071 1376 5086 ¹
1711 5073 1718 5086 ο

84 5095 230 5228 iiiiii..
252 5073 837 5228 ”elutiutillime?
852 5084 1049 5225 ffutfffll‘
1100 5070 2077 5241 ...dulciculoilliti.33⁰c.3lttl⁰1.¹¹2t..‘⁰u

1101 5264 1121 5307 a
1151 5245 1220 5326 pris
1248 5243 1305 5328 luy
1333 5253 1511 5327 permetere
1533 5243 1641 5326 quelle
1663 5243 1726 5308 soit
1747 5242 1931 5325 imprimes:
1955 5263 1992 5309 ce
2018 5249 2075 5328 qui

491 5333 656 5398 Iohannes
678 5329 839 5398 Oulvinus
860 5353 939 5398 vere
961 5339 1048 5398 tuns.
1099 5329 1159 5414 luy
1181 5351 1201 5394 a
1221 5341 1290 5396 este
1310 5339 1462 5414 outtrcye
1482 5335 1515 5393 et
1535 5331 1667 5412 permis.

183 5435 293 5492 oduini
308 5451 400 5506 opera.
441 5436 497 5492 Vct
518 5433 597 5492 XXI.
1813 5427 1848 5481 ⁴⁷
