4848 6120
331 436 393 502 lot

336 619 435 707 paulo
465 626 542 684 ante
571 619 670 686 allato
700 625 840 704 quatuor
869 618 1116 685 Helveticarum
1147 619 1319 686 civitatum

337 726 495 790 responso
524 708 677 789 (quarum
712 706 909 772 sententiam
943 704 1087 770 diximus
1121 705 1161 769 ad
1196 723 1319 770 annum

339 793 541 876 superiorem
573 793 681 857 visum
710 793 837 857 senatui
859 792 959 856 fuisse
980 813 1080 874 super
1102 790 1319 856 ecclesiastica

339 877 533 946 Genevensi
545 877 717 961 disciplina
727 879 928 960 percontari)
952 887 1064 942 vetere
1086 877 1196 941 omnia
1219 877 1318 942 eccle-

338 966 488 1032 siasticae
517 962 649 1046 politiae
679 964 786 1030 edicta
814 973 928 1030 contra
949 963 1160 1028 factiosomm
1184 982 1318 1045 exspec-

337 1051 496 1116 tationem
520 1049 748 1115 communibus
778 1051 899 1116 civium
922 1049 1088 1132 suffragiis
1109 1057 1223 1132 rogata
1243 1069 1318 1132 per-

336 1137 468 1220 1111111
489 1135 639 1200 11111111.

425 1221 500 1286 Non
519 1221 623 1286 defuit
644 1229 765 1298 tamen,
788 1219 822 1285 in
845 1241 907 1303 quo
929 1227 1001 1284 tum
1019 1239 1147 1302 quoque
1157 1217 1317 1285 Calvinus

338 1303 1318 1388 strenueexerceretur.NamforisquidemtumdePolonicis

338 1393 484 1460 ecclesiis
504 1392 675 1457 voluntate
692 1393 780 1476 regis
797 1392 1042 1468 constituendis,
1059 1401 1129 1456 tum
1142 1390 1182 1454 de
1193 1390 1319 1456 furiosa

337 1479 395 1544 illa
417 1486 610 1562 tempestate
628 1478 834 1542 commutatis
856 1479 889 1542 in
909 1477 1033 1562 Anglie
1049 1477 1147 1543 rebus
1165 1477 1318 1556 excitata,

338 1586 423 1648 quae
451 1573 519 1629 tres
546 1563 620 1628 illos
647 1562 913 1646 incomparabilis
942 1563 1074 1647 pietatis
1097 1564 1263 1646 episcopos
1286 1570 1319 1628 at

338 1659 512 1736 martyres,
535 1649 692 1714 Ioannem
715 1649 924 1732 Hopperum,
946 1649 1119 1716 Nicolaum
1141 1647 1318 1712 Ridlaeum

340 1744 374 1802 et
395 1737 572 1819 Hugonem
594 1735 802 1801 Iratimerum
830 1735 919 1800 inter
946 1743 995 1800 tot
1025 1735 1105 1800 alios
1126 1733 1196 1798 fere
1218 1735 1319 1799 innu-

339 1822 530 1899 merabiles,
560 1841 598 1886 ac
627 1821 759 1885 tandem
788 1820 886 1886 etiam
909 1841 1067 1904 magnum
1095 1820 1189 1886 illum
1212 1819 1318 1886 Oran-

338 1927 468 1974 merum
497 1905 771 1980 Cantuariensem
805 1908 1085 1990 archiepiscopum
1117 1906 1153 1970 in
1190 1905 1319 1971 coelum

338 2015 443 2077 usque
466 1991 603 2076 expulit,
627 1991 834 2058 consolandis
853 1993 993 2075 denique
1011 1993 1170 2058 fratribus
1191 1991 1320 2058 111111-

337 2079 539 2154 1111111111,
571 2097 609 2142 ac
630 2079 824 2162 praesertim
855 2081 999 2162 quinque
1021 2077 1209 2144 fortissimis
1231 2098 1319 2142 mar-

338 2166 468 2250 tyribus
490 2165 552 2230 hoo
570 2166 640 2248 ipso
664 2185 752 2229 anno
771 2163 979 2246 Cameraci1)
1002 2163 1227 2230 crudelissime
1249 2183 1319 2228 cre·

336 2250 436 2318 matis
459 2249 638 2334 plurimum
661 2249 830 2316 laboravit.
866 2251 965 2315 Domi
984 2271 1062 2314 vero
1080 2248 1212 2315 Servati
1230 2250 1318 2312 cine·

337 2357 392 2401 res
421 2335 584 2418 pullulare
614 2345 803 2418 coeperunt:
839 2336 934 2402 cuius
971 2333 1181 2418 blasphemiis
1209 2335 1320 2399 favere

338 2421 562 2505 deprehensus
592 2421 783 2486 Matthaeus
813 2421 1009 2498 (1111111111,
1046 2442 1110 2486 111
1145 2419 1319 2486 1111111111

337 2508 604 2587 11111111111111,
635 2528 735 2590 quum
760 2509 931 2572 Genavam
961 2508 1043 2571 forte
1067 2507 1211 2572 venisset
1233 2507 1320 2588 (crat

338 2596 426 2660 enim
438 2593 634 2676 Fargiarum
656 2593 817 2669 dominus,
841 2593 897 2674 qui
915 2613 1020 2677 pagus
1041 2601 1093 2656 cst
1113 2593 1148 2656 in
1161 2592 1318 2657 Genavae

337 2680 473 2761 vicinia)
497 2679 656 2744 deductus
685 2678 725 2742 ad
749 2677 927 2743 Calvinum
950 2700 969 2744 a
996 2677 1190 2762 quibusdam
1214 2677 1317 2752 Italis,

336 2764 424 2850 apud
448 2785 529 2847 quos
558 2764 614 2828 illc
635 2763 768 2829 Patavii
790 2762 960 2842 docuerat,
983 2773 1154 2830 recusante
1177 2762 1318 2828 Oalvino

336 2849 487 2918 dextram
509 2849 557 2914 illi
575 2851 752 2934 porrigere,
775 2851 841 2914 nisi
863 2851 954 2932 prius
976 2847 1016 2914 de
1038 2849 1194 2932 primario
1212 2849 1317 2914 chris-

336 2939 449 3001 tianae
477 2935 552 3000 fidei
583 2934 737 3012 articulo,
760 2933 795 2998 id
818 2945 867 3000 est
890 2935 930 2999 de
953 2954 1044 3000 sacra
1066 2935 1171 3000 triade
1193 2943 1227 2998 et
1249 2933 1317 2998 dei·

1139 428 1386 496 nflnoocffl
1406 429 1558 496 Beana

2282 431 2333 492 152

1369 617 1487 701 legatis
1516 618 1661 683 Bernam
1689 617 1853 700 profectus
1890 615 2040 682 veritatis
2069 636 2202 682 causam
2236 635 2335 682 ocrem

1369 703 1596 769 Beruensibus
1624 703 1705 787 ipsis
1734 709 1854 788 egeret
1913 705 1998 768 Acta
2022 702 2124 786 igitur
2153 703 2221 768 illic
2249 723 2335 768 causa

1370 797 1436 866 est,
1465 799 1498 854 et
1520 787 1734 856 Sebastianus
1757 789 1889 872 quidam
1909 787 2046 852 infamia
2067 793 2101 853 et
2121 788 2237 852 exsilio
2258 789 2335 853 mul·

1369 882 1466 954 tatus,
1479 875 1637 940 Bolsecus
1660 875 1818 941 excedere
1835 874 1957 940 finibus
1979 883 2051 938 tum
2069 872 2199 956 quidem
2219 875 2335 940 iussus:

1369 981 1475 1043 neque
1497 971 1608 1026 tamen
1631 969 1701 1026 tum
1714 959 1889 1044 quidquam
1911 960 1977 1024 illis
1999 960 2039 1026 de
2062 979 2097 1024 rc
2119 959 2191 1042 ipsa
2210 959 2336 1025 definire

1369 1047 1478 1112 visum
1507 1055 1574 1124 est,
1602 1047 1649 1110 ita
1676 1046 1820 1110 Domino
1847 1045 2000 1110 ecclesiae
2037 1065 2115 1110 suae
2143 1047 2336 1112 consulente

1368 1131 1471 1198 Visus
1498 1133 1587 1197 enim
1616 1133 1734 1197 fuisset
1761 1131 1924 1197 Calvinus
1951 1131 2128 1196 autoritate
2157 1133 2210 1198 vel
2239 1133 2336 1216 gratia

1369 1217 1558 1297 obtinuisse,
1581 1219 1666 1301 quod
1688 1218 1776 1283 ultro
1797 1225 1910 1301 postea
1931 1217 2075 1300 contigit.
2105 1217 2192 1282 Nam
2215 1225 2249 1282 et
2269 1218 2337 1283 illae

1369 1325 1482 1370 omncs
1510 1304 1693 1369 calumniae
1714 1325 1781 1386 non
1802 1306 1851 1368 ita
1872 1302 1978 1367 multo
2007 1314 2080 1386 post
2101 1303 2137 1368 in
2160 1304 2266 1368 fumos
2287 1305 2337 1370 ab·

1369 1390 1494 1470 ierunt,
1518 1399 1551 1453 et
1571 1389 1723 1454 Andreas
1745 1389 1943 1468 Zebedaeus,
1967 1397 2136 1456 accusator
2158 1391 2336 1468 acerrimus,

1369 1475 1511 1541 Calvino
1532 1477 1598 1540 iam
1619 1485 1759 1554 mortuo,
1782 1496 1882 1557 quum
1905 1485 1938 1540 et
1960 1475 2029 1558 ipse
2051 1476 2116 1539 iam
2139 1487 2225 1540 essct
2245 1477 2337 1540 mori·

1370 1569 1465 1626 turus
1487 1559 1653 1626 Noviduni
1683 1561 1802 1644 oppido
1831 1569 1970 1644 quatuor
1991 1559 2185 1626 milliaribus
2208 1560 2338 1627 Genava

1370 1647 1521 1726 distante,
1540 1647 1652 1714 accitis
1663 1647 1846 1730 praecipuis
1862 1647 1997 1724 civibus,
2020 1647 2108 1711 ultro
2126 1647 2238 1730 agnita
2249 1668 2338 1730 quam
2404 1723 2405 1726 Ἴ

1370 1741 1578 1817 oppugnaret
1595 1735 1734 1800 veritate
1757 1742 1790 1797 ct
1812 1741 1885 1797 acta
1907 1733 1965 1798 illa
1986 1754 2046 1797 sna
2058 1731 2234 1811 detestans,
2255 1733 2338 1798 sobe·
2404 1733 2405 1804 l

1371 1819 1429 1883 das
1451 1840 1565 1884 omnes
1588 1839 1664 1885 suas
1693 1826 1861 1902 spectante
1884 1841 1919 1884 se
1941 1818 2140 1884 concremari
2163 1819 2273 1896 iussit,
2295 1821 2338 1884 iu-

1371 1903 1453 1970 dicio
1476 1913 1564 1970 certe
1591 1905 1726 1970 meliore
1747 1925 1847 1988 quam
1870 1906 1897 1970 si
1920 1903 1999 1969 haec
2020 1904 2159 1969 fuissent
2184 1903 2274 1968 mille
2294 1927 2338 1970 se·

1371 1991 1626 2057 natusconsultis
1647 1993 1816 2074 imperata.

1457 2166 1556 2227 Anno
1575 2160 1728 2245 deinceps
1751 2161 1854 2226 altero
1866 2159 1891 2247 ¹)
1911 2161 2084 2228 Calvinum
2104 2159 2339 2245 imprudentem
2404 2167 2405 2208 l

1371 2247 1512 2312 tertiana
1535 2247 1570 2312 in
1593 2249 1746 2314 concione
1768 2248 1899 2326 invasit,
1923 2269 1961 2314 ac
1983 2247 2116 2312 tandem
2139 2247 2281 2312 invitum
2302 2269 2339 2312 ex
2404 2249 2405 2302 l

1371 2341 1526 2416 suggesto
1555 2333 1664 2416 coegit
1692 2333 1904 2412 descendere,
1934 2332 2048 2398 multis
2074 2331 2152 2397 inde
2181 2333 2340 2398 11111111-

1370 2419 1482 2502 quutis
1499 2417 1685 2484 rumoribus
1713 2419 1819 2500 iisque
1841 2440 1946 2502 usque
1974 2418 2054 2484 adeo
2079 2419 2254 2501 pontificiis
2276 2441 2340 2502 gra·

1371 2507 1422 2583 tis,
1445 2515 1483 2569 ut
1505 2503 1545 2568 de
1568 2503 1701 2570 Caluini
1723 2515 1829 2568 morte
1856 2503 1983 2569 solenni
2017 2503 2257 2588 supplicatione
2277 2506 2338 2569 No·

1371 2589 1522 2665 vinduni,
1546 2589 1678 2655 Oalvini
1700 2592 1815 2673 patria,
1838 2591 1987 2656 canonici
2014 2593 2083 2656 suis
2105 2590 2201 2656 idolis
2224 2591 2339 2674 gratias

1371 2675 1508 2759 egerint.
1554 2675 1621 2740 Sed
1645 2677 1795 2741 vicerunt
1820 2675 1980 2741 bonorum
2003 2697 2130 2758 preces,
2153 2685 2339 2759 tantumque
2404 2711 2405 2740 1

1371 2761 1475 2826 abfuit
1497 2769 1534 2826 ut
1556 2761 1715 2826 Calvinus
1738 2781 1780 2826 ex
1803 2783 1840 2825 eo
1863 2761 1976 2827 morbo
1998 2763 2149 2828 interiret
2171 2772 2209 2826 ut
2231 2771 2340 2828 contra
2404 2795 2405 2814 ,

1370 2847 1474 2912 veluti
1496 2847 1593 2912 novis
1611 2856 1725 2913 auctus
1748 2847 2019 2930 viribuslongum
2041 2848 2105 2912 iter
2126 2857 2258 2930 praeter
2279 2870 2339 2914 mo·
2404 2871 2405 2874 ¹

1371 2954 1440 2998 rem
1451 2931 1708 3000 Francofurtum
1727 2954 1830 3016 usqne
1849 2931 2001 2998 videlicet
2023 2933 2262 3017 ingrederetur,
2281 2955 2338 3018 quo

306 3071 310 3082 .
337 3031 407 3086 1111
428 3022 557 3087 Christi
579 3021 667 3085 inter
689 3041 745 3084 eos
767 3021 967 3098 conveniret,
986 3021 1115 3085 nullum
1138 3029 1251 3102 postca
1273 3019 1318 3084 lo-
1370 3020 1478 3084 fuerat
1508 3019 1663 3101 pacandis
1692 3018 1847 3084 ecclesiae
1874 3019 2030 3097 Gallicae,
2064 3039 2146 3102 quae
2178 3021 2244 3084 ianr
2276 3028 2338 3084 tum

338 3129 413 3174 cum
445 3105 522 3170 ullis
550 3105 830 3172 admonitionibus
860 3106 913 3170 111
942 3107 1146 3190 argumentis
1176 3105 1318 3187 reliquit.
1370 3104 1438 3168 illic
1460 3111 1540 3182 1111,
1564 3104 1706 3170 dissidiis
1728 3113 1893 3170 evocatus.
1928 3105 2018 3170 Hinc
2040 3103 2172 3170 demum
2198 3105 2340 3171 11111111-

337 3190 574 3275 Itaquc,quod
598 3191 716 3256 eiiam
738 3200 808 3256 tum
831 3191 994 3274 praedixit
1016 3191 1192 3271 Calvinus,
1215 3211 1318 3274 grave
1370 3191 1443 3256 iens
1471 3190 1547 3254 licat
1574 3191 1694 3254 afflicta
1716 3189 1869 3254 nonnihil
1894 3190 2093 3272 valetudine,
2123 3191 2207 3256 nihil
2236 3201 2340 3256 tamen

338 3279 495 3343 nimirum
524 3275 589 3340 Dei
629 3277 787 3341 iudicium
820 3277 979 3360 pertinaci
1018 3277 1123 3360 ipsius
1156 3276 1319 3359 impietati
1372 3274 1412 3340 de
1433 3274 1630 3358 quotidianis
1652 3275 1818 3340 laboribus
1845 3275 1987 3354 remisit,
2010 3275 2106 3342 editis
2128 3297 2215 3344 anno
2234 3298 2339 3342 conse·

338 3357 522 3442 imminere,
547 3362 610 3428 hoc
631 3383 668 3428 re
689 3363 762 3446 ipsa
779 3369 1060 3446 posteaexportus
1081 3369 1145 3427 est:
1169 3361 1320 3446 Tubinga
1372 3359 1525 3444 queutc²)
1543 3361 1578 3426 in
1601 3381 1715 3426 omnes
1737 3366 1862 3440 [111111.
1882 3366 1915 3440 4]
1933 3361 2083 3427 Psalmos
2105 3364 2340 3428 commentariis

339 3450 484 3533 primum
507 3448 675 3532 profugus,
699 3469 762 3530 quo
783 3451 890 3514 fuerat
910 3447 1063 3533 Vergerii
1084 3449 1196 3513 favore
1218 3448 1320 3512 intro·
1370 3446 1469 3531 longe
1491 3445 1703 3526 doctissimis,
1730 3446 1847 3528 quibus
1868 3448 2103 3530 praefationem
2125 3451 2340 3533 1111111111-

340 3535 477 3612 duetus,
499 3535 631 3600 Bernae
661 3545 772 3618 postea
794 3543 910 3618 captus
936 3534 1155 3617 simulataque
1176 3531 1319 3615 abnega·
1371 3553 1441 3598 sam
1467 3531 1627 3597 adiunxit.
1671 3533 1808 3598 Annum
1831 3541 1941 3598 autern
1963 3534 2064 3598 istum
2087 3533 2210 3617 alioqui
2231 3536 2270 3600 ob
2292 3541 2339 3598 tu·

337 3623 426 3688 tione
448 3620 615 3696 liberatus,
640 3621 680 3686 ad
695 3621 864 3704 ingenium
887 3628 1001 3704 postea
1022 3619 1318 3696 rediensGentilis,
1370 3619 1495 3683 multus
1517 3639 1537 3682 a
1558 3617 1719 3684 ministris
1739 3617 1807 3684 illis
1832 3619 1976 3690 factiosis
1998 3619 2165 3685 nonnullis
2187 3621 2340 3686 excitatos

338 3707 454 3791 dequo
477 3706 721 3786 moxdicemus,
744 3708 852 3772 fautor
875 3717 908 3772 et
919 3705 1047 3790 hospes,
1066 3705 1319 3788 superveniente
1371 3703 1466 3770 valde
1496 3703 1722 3770 turbulentum
1751 3713 1785 3769 et
1807 3704 1907 3769 tritici
1935 3705 2072 3770 caritate
2093 3707 2248 3770 infamem
2270 3727 2339 3771 con-

338 3793 471 3858 demum
500 3799 592 3876 peste
623 3801 793 3875 correptus
822 3801 974 3876 paratum
997 3791 1098 3875 sibi2)
1121 3791 1319 3875 supplicium
1370 3789 1511 3877 sumpsit
1531 3791 1651 3874 partim
1673 3788 1814 3856 tuendae
1835 3789 1992 3856 advertus
2013 3791 2215 3858 Ioechimum
2238 3791 2341 3856 West·

337 3879 558 3965 preevenit.³)
1369 3875 1505 3960 phalam
1539 3875 1688 3954 veritati,
1723 3897 1888 3959 quumque
1916 3877 2113 3960 Westphalo
2145 3887 2338 3960 postremum

426 3964 526 4030 Aliud
556 3964 699 4047 denique
726 3963 902 4029 Oalvinum
939 3962 1041 4028 huius
1071 3963 1150 4028 anni
1179 3961 1319 4028 solidum
1370 3961 1599 4044 respondisset,
1623 3983 1684 4028 uec
1701 3961 1759 4026 ille
1780 3969 1891 4027 tamen
1910 3961 2075 4044 garriendi
2097 3965 2199 4028 finem
2216 3963 2339 4040 faceret,

339 4051 495 4138 gaudium
530 4051 673 4134 gaudere
713 4048 888 4132 prohibuit.
940 4049 1126 4114 Paucorum
1164 4047 1320 4114 videlicet
1369 4047 1431 4113 has
1453 4055 1563 4130 partes
1584 4047 1619 4112 in
1642 4069 1694 4112 me
1716 4049 1840 4131 recepi,
1863 4069 1900 4114 eo
1921 4069 1982 4132 per
2003 4049 2068 4113 Dei
2089 4050 2228 4134 gratiam
2253 4049 2340 4115 ouius

339 4139 526 4204 vicinorum
549 4147 720 4220 pastorum
742 4135 857 4215 factio,
884 4134 939 4216 qui
962 4143 1079 4217 sponte
1101 4134 1222 4216 alioqui
1245 4155 1319 4199 cur·
1370 4135 1508 4198 minime
1537 4134 1705 4216 poenitere
1734 4155 1788 4198 me
1810 4135 1913 4217 possit
1934 4141 2063 4200 eventu.
2109 4135 2201 4200 Tunc
2222 4153 2340 4218 quoque

341 4235 461 4300 rentes,
485 4222 622 4288 Bolseco
645 4229 816 4304 praeterea
838 4221 1027 4304 instigante,
1050 4231 1087 4286 ut
1109 4219 1169 4284 sibi
1199 4241 1320 4286 nomen
1371 4229 1441 4284 tum
1465 4219 1594 4298 abillo,
1617 4228 1688 4284 tum
1711 4221 1848 4284 etiama
1870 4241 1924 4286 me
1941 4221 2100 4286 refutatae
2122 4229 2201 4286 sunt
2220 4219 2339 4286 Castel-

343 4307 473 4392 aliquod
496 4329 538 4372 cx
561 4309 645 4372 tanti
667 4308 733 4372 viri
759 4306 1012 4391 reprehensione
1034 4317 1238 4389 quaererent,
1261 4307 1320 4370 ho·
1370 4306 1468 4372 lionis
1491 4305 1648 4371 adversus
1669 4313 1835 4370 aeternam
1856 4305 1921 4372 Dei
1942 4307 2271 4389 praedestinationem
2290 4325 2341 4368 ca·
2404 4335 2405 4338 ¹

340 4397 448 4460 mines
459 4393 579 4476 alioqui
601 4393 716 4459 multis
738 4394 803 4457 iam
826 4393 912 4457 notis
931 4393 1056 4475 aspersi
1079 4414 1144 4458 non
1166 4392 1263 4457 aliter
1284 4392 1320 4455 in
1370 4391 1526 4470 lumniae,
1548 4413 1629 4474 quas
1649 4391 1705 4458 ille
1723 4413 1898 4476 suppresso
1919 4393 2052 4457 nomine
2070 4393 2267 4476 spargendas
2288 4412 2340 4456 cu·

342 4502 419 4546 eum
442 4479 735 4559 debacchabantur,
758 4499 856 4562 quam
879 4477 907 4542 si
925 4476 1035 4542 Deum
1057 4479 1178 4544 idcirco
1199 4477 1322 4544 faceret
1372 4485 1472 4544 rarat.
1523 4477 1680 4544 Graviter
1707 4485 1816 4544 eutem
1846 4479 1940 4543 illum
1968 4480 2118 4561 inprimis
2140 4476 2342 4570 Ι111111111111

342 4565 507 4633 malorum
530 4577 677 4631 autorem
706 4561 977 4650 1111111104]
1002 4571 1137 4631 aeterna
1157 4565 1221 4628 Dei
1247 4585 1321 4647 pro·
1373 4564 1563 4629 saevissima
1588 4565 1782 4647 praesertim
1804 4565 1958 4629 Lutetiae
1986 4573 2059 4630 orta
2086 4566 2215 4648 piorum
2237 4582 2341 4648 perse-

343 4651 487 4718 vidcntia
513 4663 546 4716 et
564 4653 768 4718 ordinatione
785 4649 870 4714 nihil
888 4649 1086 4716 excluderet
1116 4650 1180 4714 His
1197 4649 1321 4715 calum·
1372 4649 1499 4732 quutic,
1529 4651 1708 4734 intercepto
1737 4649 1870 4714 illorum
1899 4659 1993 4716 coetu
2021 4652 2057 4714 in
2083 4651 2159 4718 vico
2180 4649 2340 4723 Iacobac0,

343 4741 423 4818 uiis,
455 4737 495 4802 dc
524 4739 641 4820 quibus
664 4747 762 4802 antea
784 4757 843 4801 nos
865 4756 991 4818 quoque
1021 4735 1145 4818 aliquid
1167 4735 1321 4815 diximus,
1372 4756 1437 4818 quo
1466 4733 1508 4800 ad
1536 4735 1765 4802 celebrandam
1795 4756 1929 4800 coenam
1951 4736 2086 4801 Domini
2115 4741 2340 4803 convenerant

344 4826 406 4890 etsi
428 4823 512 4887 nihil
534 4823 802 4902 illamovebatur,
825 4821 1079 4887 tandemtamen
1101 4821 1233 4886 illorum
1251 4843 1321 4886 ma·
1372 4822 1426 4886 Ex
1448 4843 1560 4886 eorum
1574 4843 1710 4887 numero
1732 4821 1870 4888 caeteris
1887 4843 1945 4904 per
1967 4823 2235 4889 noctistenebras
2253 4819 2341 4900 elap-

342 4911 520 4977 ledicentia
541 4919 670 4975 coactus
691 4909 880 4992 impetravit
909 4929 928 4973 a
950 4917 1076 4987 senatu,
1098 4916 1136 4972 ut
1158 4929 1224 4973 una
1246 4927 1322 4973 cum
1372 4909 1417 4973 sis
1439 4909 1526 4990 capti
1549 4916 1628 4973 sunt
1649 4907 1779 4974 circiter
1800 4909 1974 4992 octoginta,
1996 4909 2173 4993 multisque
2193 4927 2260 4973 cum
2283 4924 2341 4986 cp-

1372 4991 1512 5075 probriis
1534 5014 1571 5060 11
1583 4995 1739 5072 conviciis
1748 4993 1863 5078 prima·
1878 4995 1950 5060 lucc
1971 4994 2007 5060 in
2024 5013 2171 5061 carceres
2182 4989 2340 5079 pertracti,

343 5099 550 5114 -———-

432 5219 445 5271 l
479 5216 637 5288 Obomba'ry,
655 5232 711 5272 noa
731 5216 868 5282 01111111,
886 5215 959 5284 quod
977 5213 1121 5272 Nickeiice
1137 5215 1294 5284 adscripsit

431 5287 447 5339 2
478 5287 541 5341 cdd.
561 5303 626 5343 rere.
645 5285 781 5340 interris.

430 5355 448 5409 3
478 5359 629 5411 antevertit
645 5355 761 5412 eaedem.

1460 5285 1474 5338 1
1507 5285 1630 5340 MDLVI.

1458 5353 1476 5406 2
1506 5355 1644 5412 1111111711.
