4848 6120
115 461 162 520 129
931 454 1045 523 VIuA
1066 455 1272 527 OALVIM
2033 467 2094 532 130

108 646 157 716 sed
176 645 270 713 etiam
292 666 335 714 ex
356 655 489 714 senatus
510 666 673 715 consensu
695 643 856 714 Gallicam
884 644 1065 725 ecclesiam,
1117 652 1152 712 et
1173 645 1215 713 ad
1236 646 1443 714 tolerantiam
1471 645 1630 714 adversus
1656 647 1824 733 improbos
1852 655 1887 716 et
1915 651 1957 718 ad
1978 672 2093 736 pacem

108 733 269 800 consituta
290 733 390 799 etiam
411 733 629 800 ecclesiastica
648 729 830 814 disciplina,
853 729 1021 814 plantavit.
1117 751 1193 798 enm
1221 734 1291 800 suis
1323 733 1506 817 pastoribus
1526 732 1703 800 fovendam
1733 745 1766 800 et
1792 735 1835 802 ad
1862 735 1927 802 Dei
1955 738 2091 806 macca·

180 816 235 886 Sic
255 820 497 902 exspectatione
520 839 580 886 sua
601 818 778 886 frustratus
790 814 896 882 Satan
918 827 976 900 pro
999 817 1067 884 Ge-
1117 818 1239 883 tionem
1255 819 1408 902 inprimis
1426 818 1634 885 exhortetur:
1654 829 1753 904 atque
1769 821 1817 886 ita
1833 820 1907 889 illos
1923 834 2093 907 comparat

107 906 228 970 navensi
247 904 386 972 ecclesia
407 905 584 972 Calvinum
612 904 691 970 alibi
717 911 891 986 exceptum
912 913 947 968 et
968 902 1067 970 aliam
1117 902 1324 988 adoptatam
1345 904 1438 972 illam
1465 904 1571 970 lucem
1599 926 1642 970 ex
1669 905 1739 973 suis
1767 906 1833 973 illis
1858 907 2093 976 funestissimis

105 1011 171 1056 nor
191 987 265 1055 alibi
287 1001 401 1056 natam
418 991 588 1058 ecclesiam
607 991 795 1074 conspexit:
818 987 922 1054 nihilo
939 988 1067 1055 interea
1116 988 1260 1056 tenebris
1286 991 1409 1056 iterum
1437 991 1707 1074 exspectandam:
1743 993 1794 1058 uti
1822 993 1923 1058 etiam
1951 1003 2093 1062 eventus

105 1076 223 1160 segnius
245 1075 411 1155 laborans,
442 1085 479 1142 ιιι
508 1076 692 1142 aedificium
715 1075 911 1142 Genevense
932 1095 1066 1158 prorsus
1116 1075 1253 1143 mirifice
1285 1076 1517 1160 comprobavit.
1570 1077 1656 1142 llum
1687 1098 1813 1161 quoque
1843 1077 2094 1148 Institutionem

105 1180 281 1228 concussum
312 1163 446 1245 penitus
475 1169 648 1228 everteret
692 1161 809 1244 Itaque
835 1180 914 1226 mox
942 1161 1066 1243 reperit
1116 1160 1331 1228 christianam
1341 1161 1446 1228 multo
1457 1161 1644 1240 auctiorem,
1656 1164 2093 1249 commentariosinllpisto-

104 1247 177 1311 mala
197 1245 331 1313 feriatos
354 1247 531 1314 nonnullos
550 1248 615 1330 qui,
638 1256 675 1314 ut
692 1245 823 1330 pietatis
841 1246 1066 1312 nesciocuius
1115 1245 1184 1312 lam
1212 1245 1253 1312 ad
1281 1248 1447 1314 Romanos
1470 1245 1600 1313 Simoni
1623 1247 1778 1334 Grynaeo
1806 1249 2005 1318 amicissimo
2031 1272 2091 1318 suc

104 1333 225 1398 obtentu
237 1333 480 1416 iniquissimum
490 1332 575 1398 illud
591 1333 758 1399 decretum
770 1340 928 1416 tegerent,
947 1351 1066 1415 panem
1117 1331 1249 1410 dicatos,
1272 1333 1443 1400 aureolum
1465 1333 1605 1416 denique
1626 1332 1773 1400 libellum
1795 1335 1897 1401 edidit
1918 1335 1960 1402 de
1980 1337 2093 1404 Goana

103 1437 305 1497 communem,
327 1440 392 1502 quo
414 1428 514 1485 antea
535 1419 571 1484 in
593 1439 693 1485 coena
716 1417 910 1498 utebantur,
931 1418 966 1482 in
988 1438 1065 1501 any-
1117 1418 1252 1484 Domini
1281 1420 1316 1483 in
1340 1419 1513 1486 Gallorum
1542 1438 1678 1486 suorum
1705 1440 1818 1498 usum,
1848 1442 1946 1505 quam
1973 1422 2091 1489 deinde

103 1525 179 1568 mum
199 1513 372 1570 censerent
392 1505 541 1572 converti
568 1513 732 1588 oportere,
762 1502 886 1570 seilicet
913 1503 1066 1569 utrovis
1117 1503 1257 1568 latinum
1279 1504 1355 1570 fecit
1366 1504 1537 1571 Galerius:
1560 1503 1645 1588 quod
1663 1513 1895 1590 argumentum
1912 1507 1959 1574 ita
1976 1507 2092 1575 daxtm

103 1588 230 1655 dissidiis
257 1611 374 1656 ansam
402 1590 608 1675 praeberent
659 1589 775 1674 Neque
803 1585 866 1656 hoo
893 1588 1065 1654 consilium
1116 1589 1215 1656 simul
1237 1611 1274 1656 ac
1296 1589 1424 1656 erudite
1445 1589 1575 1657 videtur
1596 1591 1782 1674 explicasse,
1807 1601 1844 1658 ιιι
1861 1613 1900 1658 ea
1917 1601 1967 1658 tot
1981 1593 2092 1660 infeli·

104 1673 247 1740 Satanam
270 1675 454 1755 fefellisset,
483 1677 548 1742 nisi
570 1676 730 1742 Calvinus
758 1673 859 1742 bonos
889 1673 1065 1740 nonnullos
1116 1674 1321 1742 cissimarum
1342 1676 1637 1742 controversiarum
1659 1675 1786 1755 decmio,
1809 1677 1844 1742 in
1863 1698 1927 1761 qua
1943 1678 2092 1746 doctissi-

103 1761 347 1828 semanticus
366 1761 570 1845 usqueadeo
587 1763 736 1840 offensos,
755 1771 793 1826 ut
810 1759 909 1825 etiam
927 1778 1066 1826 accena
1116 1781 1191 1826 mus
1212 1783 1250 1828 ao
1271 1762 1412 1844 optimus
1434 1761 1571 1844 quisque
1599 1760 1716 1826 meritc
1745 1763 1926 1846 acquievit,
1954 1764 2005 1830 illi
2033 1785 2092 1848 po·

103 1846 154 1910 sibi
173 1846 405 1913 abstinendum
427 1855 596 1930 putarent,
624 1848 710 1914 serio
736 1845 930 1925 monuisset,
959 1866 1003 1910 ne
1023 1845 1064 1910 ob
1116 1845 1280 1912 tissimum
1312 1846 1492 1914 secundum
1524 1845 1634 1911 Deum
1667 1857 1801 1932 accepta
1833 1848 1966 1914 feratur.
2020 1849 2090 1918 Nec

103 1931 177 1997 istud
198 1931 366 2017 ἀδιάφορον
387 1932 480 1998 litem
502 1945 683 2000 moverent.
728 1931 785 1999 Sic
806 1930 949 1998 obtinuit
969 1933 1065 2013 panis
1115 1931 1223 1997 minor
1240 1933 1301 1996 fuit
1318 1931 1387 1998 eius
1404 1932 1542 1999 felicitas
1559 1931 1596 1996 in
1612 1932 1726 2000 multis
1746 1935 1783 1998 in
1798 1934 1888 2000 viam
1898 1934 2091 2002 revocandis

102 2018 194 2100 azymi
211 2038 310 2084 usus:
334 2018 374 2084 de
392 2039 456 2102 quo
474 2019 574 2084 etiam
590 2029 706 2104 postea
722 2017 893 2084 restitutus
904 2016 1064 2084 Calvinus
1116 2017 1347 2100 Anabaptistia,
1369 2019 1456 2084 inter
1478 2039 1559 2101 quos
1576 2017 1641 2084 duo
1660 2019 1826 2102 praecipui
1844 2020 1982 2101 fueraut,
2004 2042 2091 2089 unus

103 2123 256 2186 uunquam
290 2103 556 2171 contendendum
594 2104 744 2188 putavit,
783 2102 921 2168 minime
954 2111 1064 2168 tamen
1114 2103 1241 2168 Paulus
1262 2101 1410 2182 Volsius,
1439 2105 1492 2171 eui
1513 2103 1578 2168 iam
1607 2103 1687 2170 olim
1708 2106 1868 2172 Erasmus
1889 2127 1987 2172 suum
2007 2106 2092 2174 illud

103 2187 310 2266 dbdmulans,
334 2189 414 2273 quid
436 2190 557 2274 alioqui
578 2193 684 2275 magis
706 2197 793 2256 esset
814 2186 1018 2271 probaturus.
1115 2187 1346 2254 Euchiridium
1362 2188 1478 2256 militis
1489 2189 1661 2256 christiani
1678 2189 1857 2264 beaverat:
1879 2213 1944 2275 quo
1962 2201 2092 2274 pastore

1115 2281 1229 2357 postea
1251 2296 1312 2341 usa
1332 2276 1647 2359 estArgentinansis
1668 2275 1821 2342 ecclesia:
1844 2276 1928 2343 altar
1948 2277 2091 2344 Ioannes

174 2361 220 2424 At
241 2380 318 2427 eece
346 2360 445 2444 longe
472 2382 550 2427 mox
579 2359 670 2426 alind
698 2359 911 2444 periculosius
940 2359 1064 2424 malum
1115 2357 1248 2442 quidam
1270 2359 1408 2428 Stcrder
1429 2359 1639 2439 Leodieneis,
1669 2360 1762 2426 cuius
1784 2369 1897 2444 postea
1917 2371 2010 2445 pasta
2032 2385 2090 2430 ex·

102 2465 174 2510 anne
194 2445 351 2512 videlieet
371 2455 552 2514 mmlx
575 2455 736 2524 exortum,
759 2445 923 2528 simulque
934 2444 1065 2511 Oalvini
1116 2446 1230 2512 stincti
1261 2445 1393 2512 viduam
1421 2445 1595 2513 Idelletam
1626 2447 1775 2526 nomine,
1808 2467 1945 2532 gravem
1973 2449 2091 2518 hones·

103 2529 258 2615 diligentia
281 2532 490 2598 exstinctum.
526 2533 610 2596 Erat
632 2539 703 2596 tum
725 2532 895 2615 episcopas
917 2529 1064 2614 Carpen·
1116 2539 1247 2614 tamque
1268 2532 1440 2611 feminam,
1463 2531 1625 2599 Calvinus
1647 2553 1689 2598 ex
1710 2532 1831 2599 Bucari
1851 2533 1988 2602 consilio
2009 2557 2092 2602 uxo·

102 2620 261 2684 torstensis
272 2616 411 2684 Iacobus
423 2616 597 2684 Sadcletus
614 2638 737 2701 magna
753 2616 939 2700 eloquentia
956 2615 1063 2696 homo,
1115 2636 1187 2682 rem
1209 2615 1314 2682 duxit.

102 2702 147 2768 sad
173 2723 242 2786 qua·
257 2703 411 2788 inprimis
440 2702 481 2768 ad
511 2701 759 2786 opprimendam
781 2703 931 2768 veniatis
957 2702 1063 2768 lucem

102 2788 293 2854 abuteretur:
327 2808 388 2854 nec
418 2788 518 2854 aliam
543 2788 584 2855 ob
617 2809 748 2854 oausam
781 2789 817 2853 in
843 2785 1064 2852 'cardinalium
1201 2785 1294 2852 Haec
1315 2797 1386 2853 tum
1397 2786 1528 2853 Oalvini
1550 2786 1660 2854 studia
1680 2788 2027 2873 fueruntArgentinae
2048 2789 2091 2856 ad
2178 2797 2180 2800 ’

101 2895 262 2940 nnmerum
285 2873 446 2952 adscitus,
474 2894 573 2957 quam
601 2883 641 2938 ut
668 2875 722 2939 vir
744 2873 866 2956 alioqui
887 2873 975 2938 vitae
997 2892 1063 2938 nou
1116 2893 1242 2937 anuum
1264 2893 1367 2956 usque
1388 2883 1523 2951 MDXLI,
1552 2892 1616 2955 quc
1637 2893 1724 2940 anno
1745 2873 1878 2939 fuerunt
1907 2896 1927 2940 a
1949 2874 2090 2942 Caesare

101 2961 268 3043 flugiuosae
289 2981 370 3042 quos
391 2967 503 3042 posset
523 2958 647 3025 colores
668 2959 769 3026 falsae
796 2957 947 3041 religioni
968 2957 1062 3022 indu·
1116 2957 1335 3022 Wcrmatiam
1367 2958 1525 3041 primum,
1562 2957 1680 3024 deinde
1712 2957 1928 3026 Ratisbonam
1960 2961 2091 3027 comitia

101 3055 183 3110 caret
226 3047 264 3112 Ie
286 3045 461 3112 observata
488 3045 559 3110 eius
588 3045 746 3128 temporis
773 3045 942 3109 occasione
963 3043 1063 3110 desti·
1116 3041 1349 3127 componendis
1363 3043 1531 3128 religionis
1550 3043 1693 3111 dissidiis
1710 3052 1897 3112 couvocata
1929 3045 1985 3125 Iis,
2003 3046 2090 3130 quod

101 3137 193 3196 tutum
215 3131 321 3198 tantis
342 3131 526 3213 pastoribus
553 3151 687 3215 gregem
716 3127 813 3196 facile
840 3149 875 3196 se
902 3130 1063 3212 intercep·
1115 3128 1163 3192 ita
1183 3127 1410 3214 theologorum
1431 3130 1725 3214 Argentinenaium
1747 3130 1885 3216 collegio
1905 3131 2089 3214 placuisset,

100 3221 198 3281 turum
219 3216 420 3296 arbitratus,
447 3215 604 3284 viciniam
653 3235 761 3298 noque
782 3223 977 3298 praetexens
999 3219 1064 3293 (est
1116 3213 1275 3280 Oalvinas
1297 3214 1415 3294 adfuit,
1436 3215 1571 3282 minima
1584 3215 1610 3300 ¹)
1631 3215 1717 3299 quod
1737 3225 1865 3284 constat
1886 3216 2031 3284 ecclesiis
2052 3238 2091 3286 ac

101 3302 176 3367 enim
187 3301 499 3386 carpentoratensis
511 3301 626 3368 civitas
671 3300 863 3384 elphinatui,
876 3299 973 3367 ethic
990 3322 1063 3366 rur·
1116 3319 1194 3365 suae
1215 3301 1408 3383 praesertim
1430 3300 1557 3368 Galliae
1577 3301 1714 3380 inutilis,
1737 3313 1770 3368 et
1780 3302 1925 3370 Domino
1934 3301 2090 3387 Philippo

101 3385 339 3454 ausSabaudiao
350 3387 537 3472 contiguus)
545 3387 658 3454 literas
669 3385 758 3452 dedit
769 3385 1063 3465 desideratissimis,
1115 3385 1364 3453 Melanchthoni
1381 3393 1413 3452 et
1425 3386 1567 3470 Gaspari
1579 3386 1756 3470 Orucigaro
1778 3387 1893 3455 beatae
1913 3389 2091 3454 memoriae

101 3492 167 3554 quos
187 3483 295 3554 vocat,
318 3475 459 3552 senatui,
480 3473 615 3539 oonsilio
636 3471 821 3557 populoque
842 3471 1064 3538 Generatium
1114 3470 1265 3554 inprimis
1286 3481 1410 3556 gratus,
1433 3472 1514 3538 adeo
1535 3482 1574 3538 ιιι
1595 3493 1671 3538 eum
1690 3472 1749 3539 ifle
1770 3493 1867 3558 saepe
1884 3473 2089 3558 Theologum

101 3558 273 3642 inscriptm,
295 3559 330 3624 in
354 3558 471 3642 quibus
492 3557 579 3624 nihil
600 3578 713 3624 eorum
735 3557 960 3641 praetermisit
981 3578 1063 3640 quaa
1113 3556 1367 3640 cognominarit,
1397 3557 1452 3624 bic
1473 3579 1552 3625 vero
1580 3559 1747 3641 privatum
1769 3558 1809 3625 de
1831 3580 2029 3626 monacum
2050 3579 2089 3626 ec

102 3642 135 3706 ad
154 3665 204 3710 ecs
224 3647 262 3710 iu
279 3644 451 3710 Romanae
471 3644 560 3710 illins
581 3645 764 3710 meretricis
786 3644 948 3728 gremium
969 3664 1062 3710 revo-
1113 3641 1308 3725 colloquium
1343 3642 1496 3710 habuerit
1523 3643 1658 3728 eiusque
1691 3644 1855 3729 cognitam
1889 3644 2088 3712 sententiam

100 3729 205 3796 candos
232 3731 445 3814 pertinerent.
488 3729 559 3796 Illis
588 3751 686 3796 namo
714 3739 785 3796 tum
813 3738 886 3795 erat
906 3729 1063 3796 Generae
1114 3725 1234 3795 diserte
1255 3729 1482 3812 comprobarit.

101 3818 148 3896 qni
172 3836 367 3899 responsum
394 3825 589 3900 opponeret:
621 3815 702 3882 adeo
731 3823 769 3880 ut
795 3815 860 3880 nisi
890 3815 1062 3898 peregrino
1197 3813 1270 3879 Iam
1292 3823 1401 3880 autem
1424 3813 1604 3882 advenerat
1624 3813 1706 3880 illud
1723 3821 1861 3898 tempus,
1884 3835 1947 3897 quo
1968 3815 2088 3881 consti·

100 3919 238 3968 samone
265 3901 407 3984 scriptae
434 3903 586 3980 fuissent,
607 3900 661 4051 ER
683 3899 718 3988 2]
749 3920 908 3984 magnum
935 3899 1062 3966 civitati
1112 3905 1221 3964 tuerat
1239 3899 1405 3967 Dominus
1423 3900 1629 3967 Genevensis
1650 3899 1806 3967 acclesiae
1827 3900 1984 3966 misereri.
2016 3899 2086 3966 Ita·

99 3985 177 4053 ineo
193 4008 307 4054 rernm
325 3997 412 4053 statu
431 3987 588 4053 damnum
629 3998 743 4053 aturae
760 3986 860 4052 fuisse
877 3984 1061 4052 videantur.
1134 4004 1175 4049 ue
1196 4005 1308 4051 eorum
1330 3984 1539 4070 syndiccrum
1560 4007 1657 4065 unus,
1679 4006 1817 4070 quorum
1838 4007 1937 4069 opera
1957 3986 2082 4052 iactum

98 4073 138 4138 At
156 4071 228 4139 illas
239 4072 401 4140 Calvinus
413 4073 612 4158 Argentinae
633 4093 735 4156 quum
752 4071 894 4157 legisset,
916 4072 1062 4137 omnium
1111 4005 1219 4169 iuerat
1240 4070 1408 4138 decretum
1430 4079 1468 4136 ut
1483 4071 1541 4136 fidi
1557 4080 1704 4158 pastores
1721 4073 1924 4150 eiicerentur,
1947 4071 1994 4137 ita
2010 4091 2084 4136 sese

98 4156 279 4224 iniuriarum
300 4157 422 4258 oblitus
450 4160 498 4226 sic
526 4159 638 4225 statim
660 4167 694 4224 et
716 4179 793 4224 vere
814 4167 847 4223 et
873 4157 1061 4240 eloquenter
1111 4177 1147 4219 ιιι
1168 4156 1366 4240 reipublicae
1393 4156 1674 4257 administratione
1702 4157 1818 4243 gessit,
1847 4165 1886 4222 ut
1913 4156 2083 4224 seditionis

98 4243 485 4412 ttssttttlttt
503 4243 1061 4414 titttttttttbttttt
1110 4241 2084 4414 tlt,tttf’t‘tttffltttttttttfbptft

99 4413 254 4494 Calvinus,
271 4422 310 4481 ιιι
326 4417 511 4501 legitimum
528 4416 622 4481 illum
640 4415 781 4499 pastoris
798 4416 950 4480 affectum
961 4422 1060 4481 testa·
1110 4412 1296 4494 adtriverit,
1325 4423 1363 4479 nt
1383 4415 1470 4480 intra
1491 4435 1609 4496 paucos
1631 4413 1700 4482 dies
1722 4437 1763 4480 ex
1783 4415 1840 4480 illo
1860 4434 1939 4481 casu
1960 4414 2004 4480 sit
2025 4436 2084 4481 ex·

97 4507 186 4580 retu,
208 4523 305 4585 quem
326 4502 708 4568 adversusGenevanses
728 4501 816 4585 ipsos
829 4505 855 4581 ¹)
877 4509 951 4566 tum
972 4500 1060 4584 apud
1110 4499 1260 4567 stinctae.
1294 4499 1390 4568 Alter
1407 4499 1581 4567 homicidio
1598 4507 1783 4584 perpetrato
1800 4501 1906 4584 capite
1925 4500 2084 4567 multatus

98 4603 164 4652 suos
185 4587 380 4671 graussime
408 4609 469 4672 pro
498 4587 664 4654 communi
684 4587 821 4670 pietatis
851 4606 950 4653 causa
970 4585 1058 4652 labo-
1110 4594 1167 4650 est
1200 4585 1331 4669 Reliqui
1354 4586 1418 4653 dno
1439 4585 1545 4652 malae
1565 4587 1665 4652 etiam
1682 4584 1927 4654 administratae
1943 4586 1981 4650 in
2002 4607 2083 4669 qua·

98 4681 199 4738 rantes
220 4671 398 4740 retinebat:
426 4674 519 4740 cuias
546 4673 679 4738 demum
701 4674 837 4739 affectus
856 4671 1059 4740 luculentum
1110 4669 1185 4736 dam
1207 4671 1370 4756 legatione
1398 4671 1595 4757 reipublicae
1622 4672 1764 4738 accusati
1790 4671 1895 4738 solum
1922 4672 2082 4737 verterint

97 4757 312 4824 testimonium
343 4758 500 4826 exhibent
526 4758 675 4844 insignes
703 4757 875 4842 epistolae,
909 4777 991 4843 quas
1017 4757 1060 4824 ad
1110 4758 1241 4840 sintque
1249 4759 1278 4841 ²)
1311 4758 1462 4823 absentes
1494 4757 1651 4824 damnati.
1705 4756 1771 4823 His
1804 4755 1905 4824 veluti
1945 4776 2081 4840 spumae

97 4838 162 4908 illos
182 4863 266 4910 anno
287 4846 360 4928 ipso
381 4866 446 4928 quc
467 4845 609 4912 reiectus
639 4849 690 4910 est
718 4864 756 4912 ao
777 4844 925 4926 proxime
946 4865 1058 4912 conse-
1109 4841 1259 4910 sordr'bus
1280 4843 1392 4909 eiectis
1413 4843 1529 4911 civitas
1540 4843 1708 4910 Farellum
1730 4863 1827 4908 suum
1848 4849 1883 4906 et
1904 4841 2080 4908 Calvinum

98 4937 188 5009 qanto
197 4930 399 5015 Argentinae
410 4929 515 4996 dedit:
533 4930 651 5015 quibus
659 4932 688 5015 ²)
706 4930 864 4996 nimirum
881 4931 944 4998 hcc
954 4951 1059 4996 unum
1108 4927 1216 5012 coepit
1236 4929 1410 5012 requirere
1453 4930 1628 5012 Aequum
1649 4927 1837 4994 deFarello
1858 4927 2080 5010 recuperando

98 5013 166 5097 agit,
186 5019 247 5094 [fol.
266 5025 301 5081 u
320 5021 354 5096 4]
376 5023 416 5082 ut
437 5025 470 5083 et
499 5015 541 5083 ad
569 5015 828 5101 resipiscentiam
856 5036 965 5083 coram
986 5014 1059 5083 Deo
1109 5035 1129 5080 a
1156 5014 1432 5082 Naocomensibus
1461 5015 1636 5081 minimum
1668 5015 1738 5098 spei
1766 5013 1954 5096 affulgeret,
1982 5013 2080 5079 enixe

99 5184 290 5201 ᾖ

1195 5237 1224 5307 1)
1240 5236 1360 5292 ecclesiis
1382 5253 1414 5290 ae
1435 5251 1500 5290 anae
1522 5235 1685 5306 praesertim
1701 5233 1805 5294 Galliac
1826 5233 1937 5293 minime
1953 5233 2080 5290 inntr'lenr

173 5306 203 5444 ἐζ
220 5325 281 5390 erga
297 5307 414 5363 sanioris
430 5307 524 5363 indicii
541 5308 714 5392 beneventos
731 5305 820 5376 (EM.
830 5307 967 5389 Ιιιιιιιιιι.)
1108 5322 1221 5378 operam
1237 5322 1348 5388 navans.
1383 5303 1438 5362 Ea.
1455 5311 1562 5363 tmoli.

220 5378 314 5446 qubus
331 5405 366 5418 -
383 5378 571 5447 comprobarat
587 5391 637 5433 car.
656 5375 716 5433 aad.
734 5380 902 5434 romaicam.
1194 5375 1225 5446 2)
1242 5391 1289 5434 tac·

189 5459 295 5520 Oalu'ai
308 5479 402 5533 opera
440 5462 501 5520 Vol.
515 5461 602 5518 XXI.
1860 5454 1878 5510 9
