4772 6126
263 406 321 469 l‘ll
869 401 1115 471 monum
1136 405 1289 472 ΒΕΖΔΕ
1316 405 1429 472 vm
1451 404 1656 473 OALVINI.
2200 409 2255 474 172

259 591 370 658 minus
392 589 473 658 snite
495 611 593 674 quam
616 609 693 656 vere
715 589 912 656 ealumuiam
933 591 1032 658 istam
1056 594 1153 679 longe
1173 595 1235 660 im·
1258 581 1270 685 1Ι
1287 595 1323 660 in
1355 594 1537 679 republica,
1581 603 1679 679 atque
1720 594 1802 661 adeo
1834 615 1894 678 pro
1925 593 2083 661 tribunali
2114 591 2255 662 sedisse?
2384 673 2385 676 Ἴ

260 675 531 778 pudentissimum
564 675 714 742 refellens
742 675 793 753 (in
820 676 957 760 praefat
987 678 1022 742 in
1051 679 1234 746 (lommsnt.
1288 679 1355 746 Alii
1388 681 1486 746 etiam
1518 679 1612 746 illum
1640 681 1750 747 neseio
1778 701 1876 764 quem
1902 680 2016 747 vivum
2043 701 2103 764 pro
2131 687 2257 747 mortuo

260 785 295 829 m
318 762 482 848 Psalmos)
496 763 521 844 ¹)
544 761 624 828 haee
646 760 746 826 verba
765 763 945 845 usurparit:
979 764 1037 830 Me
1064 787 1132 831 non
1165 785 1236 831 esse
1288 765 1446 832 eadausre
1480 765 1669 846 excitando,
1705 767 1857 832 universo
1892 767 1992 832 etiam
2019 773 2102 832 teste
2130 764 2258 849 populo,
2384 771 2385 848 1

260 849 489 934 peenniosum,
529 847 559 912 si
590 846 787 930 quibusdam
819 848 914 915 vivus
947 869 1013 914 non
1045 849 1236 934 persuadeo,
1288 851 1497 934 supposuisse
1528 851 1731 929 fabulantur,
1764 851 1851 935 quod
1879 873 1945 917 non
1973 855 2083 917 minus
2109 850 2258 935 putidum

260 955 350 1000 mors
371 941 482 999 tamen
505 933 662 1000 ostendet.
702 933 834 998 Testari
855 942 943 1000 carte
965 943 1072 1017 potest
1093 945 1236 1015 senatus,
1288 934 1512 1014 mendesium,
1541 957 1639 1021 qnam
1661 939 1689 1003 si
1711 938 1837 1003 Romae
1859 958 1944 1022 papa
1966 937 2067 1003 fuisse
2088 936 2259 1017 dissuatur,

282 1041 364 1086 uum
385 1019 566 1104 perexigua
594 1025 706 1086 essent
726 1018 796 1083 eius
818 1018 995 1102 stipendis,
1024 1029 1156 1087 tantum
1180 1021 1236 1087 ab·
1288 1043 1390 1089 ausus
1411 1031 1463 1089 est
1482 1021 1642 1106 rapsodus
1652 1023 1709 1088 ille
1720 1021 1928 1103 sorbonicus,
1951 1021 2110 1089 Claudius
2125 1022 2259 1107 Spsusa,

260 1041 361 1172 drisse
382 1107 476 1171 utin
499 1105 547 1170 eis
569 1125 634 1170 non
657 1105 885 1187 aequissueret,
908 1108 1236 1188 ntemplinraetiam
1288 1107 1596 1176 maledieantissimo
1635 1108 1776 1192 quodam
1818 1109 1902 1175 libro
1944 1109 2118 1176 ineuleare.
2173 1106 2260 1189 Quid

261 1190 371 1258 oblata
401 1191 611 1275 pertinaciter
644 1189 812 1256 reeusarit.
863 1191 1076 1274 Exprobrant
1107 1193 1138 1258 si
1169 1193 1235 1271 alii,
1288 1194 1377 1259 euim
1398 1195 1478 1259 ister
1498 1193 1643 1280 pudeat?
1678 1193 1745 1262 Sed
1776 1194 1841 1260 ista
1869 1215 1975 1278 neque
1997 1193 2084 1278 apud
2118 1213 2174 1260 eos
2207 1193 2260 1276 qui

260 1276 349 1363 quod
365 1277 454 1342 illius
471 1277 572 1342 frater
583 1277 750 1342 Antonius
761 1275 919 1343 Calvinus
936 1277 1077 1360 priorem
1099 1299 1236 1344 uxorem
1288 1287 1417 1344 tantum
1446 1279 1535 1346 huna
1564 1280 1673 1346 virum
1701 1286 1841 1358 norunt,
1874 1301 1979 1363 neque
2007 1278 2094 1364 apud
2116 1286 2260 1363 posteros

260 1384 355 1431 snam
403 1362 446 1428 ob
489 1362 689 1428 adulterium
731 1363 863 1446 eognita
905 1383 1002 1429 eausa
1044 1364 1234 1448 repudiarit.
1288 1366 1360 1430 sani
1381 1364 1494 1431 iudieii
1516 1364 1681 1446 homines,
1711 1366 1768 1449 qui
1794 1385 1902 1430 mores
1924 1365 2067 1432 hominis
2089 1386 2131 1430 ex
2159 1363 2261 1448 ipsius

261 1448 352 1532 Quid
369 1469 447 1532 ergo
464 1447 611 1514 dicerem
627 1447 685 1524 illi,
708 1449 736 1513 si
754 1447 936 1514 adulteram
953 1449 1109 1515 fovisset?
1140 1447 1236 1530 Quod
1289 1451 1418 1534 seriptis
1439 1451 1671 1528 aestimabunt,
1692 1451 1890 1517 rehrtatione
1911 1451 2068 1534 indigent
2105 1451 2179 1534 Ego
2200 1449 2262 1516 bis·

261 1535 293 1604 si
312 1535 348 1599 in
369 1554 445 1599 eum
462 1531 624 1600 redundat
642 1533 704 1598 hoe
720 1531 903 1616 impudieas
920 1535 1068 1602 mulieris
1086 1534 1236 1613 dedeeus,
1288 1536 1405 1602 teriam
1432 1537 1521 1603 vites
1552 1545 1587 1602 et
1615 1537 1722 1602 obitus
1748 1537 1867 1620 ipsius,
1901 1538 1994 1603 euius
2021 1543 2188 1621 spsetator
2214 1556 2262 1601 se·

260 1619 340 1706 quid
367 1619 427 1684 fiet
447 1618 574 1698 lasabi,
604 1618 758 1697 Davidis,
790 1619 892 1701 ipsius
921 1619 1060 1703 denique
1089 1620 1150 1687 filii
1171 1619 1236 1686 Dei
1289 1621 1394 1688 dseim
1416 1642 1519 1688 annos
1540 1622 1598 1703 fui,
1620 1623 1706 1688 bona
1726 1621 1791 1688 fide
1812 1631 2029 1706 persequutus
2049 1622 2166 1688 testari
2182 1620 2263 1686 mihi

259 1705 421 1786 familiae,
453 1708 488 1769 in
516 1725 581 1788 qua
607 1707 743 1788 ipsemet
773 1703 937 1770 diabolum
965 1727 1006 1772 ex
1036 1706 1106 1773 suis
1133 1727 1237 1772 unum
1289 1707 1412 1790 optimo
1433 1709 1504 1774 iure
1526 1729 1622 1792 possa
1642 1707 1767 1788 videor,
1789 1708 1887 1792 longe
1908 1707 2166 1792 pulnherrimum
2187 1727 2263 1774 vere
2384 1721 2385 1758 l

262 1791 385 1859 diserte
406 1789 554 1856 notavit?
595 1789 728 1856 Delitiis
755 1789 878 1858 sailiest
899 1791 993 1856 illum
1016 1803 1049 1857 et
1070 1791 1165 1857 luxui
1187 1793 1236 1856 in·
1290 1793 1487 1859 ehristianae
1528 1803 1600 1859 tum
1633 1794 1720 1860 vitae
1752 1803 1824 1858 tum
1854 1793 1971 1860 mortis
2003 1793 2193 1876 exemplum
2230 1793 2264 1857 in

261 1876 401 1944 dulsisse
439 1885 489 1942 tot
525 1875 630 1960 ipsius
668 1875 817 1941 laborum
857 1887 957 1942 testes
998 1877 1236 1944 demonstrant
1289 1878 1351 1945 hoe
1380 1877 1512 1945 homine
1540 1879 1667 1946 eunetis
1695 1880 1896 1964 propositum
1929 1881 2044 1958 fuisse,
2076 1877 2164 1962 quod
2197 1885 2264 1944 tam

262 1960 376 2046 Quid?
399 1961 485 2046 quod
507 1961 681 2028 nonnullos
703 1961 803 2028 stiam
827 1960 933 2028 disere
954 1972 988 2028 et
1010 1963 1152 2030 seribere
1169 1984 1238 2029 non
1287 1963 1383 2030 faeile
1404 1965 1448 2030 sit
1468 1964 1663 2031 aslumniari
1680 1986 1779 2048 quam
1797 1964 1929 2032 diffieile
1946 1965 2048 2030 fuerit
2057 1964 2226 2030 aemulari
2235 1964 2264 2048 ²)

260 2049 371 2134 pudet,
391 2067 546 2133 regnasse
567 2046 662 2112 illum
677 2046 834 2115 Genetes
855 2055 927 2114 tum
947 2048 984 2114 in
1006 2049 1143 2117 eeclesia
1164 2057 1237 2115 tum

1378 2184 1408 2253 1)
1427 2183 1556 2255 saeua
1576 2183 1872 2256 metoparum
1890 2183 2036 2242 auum>
2053 2185 2265 2256 amanam
2384 2141 2385 2152 Ν

351 2255 380 2326 1)
397 2253 475 2308 Haec
491 2253 523 2308 iu
539 2252 671 2321 marytre.
1290 2251 1372 2307 euius
1388 2255 1530 2310 variamen
1547 2255 1673 2310 &mones
1690 2269 1777 2322 supra
1794 2254 1958 2310 antemnas.
