4772 6126
313 389 375 452 167
1109 384 1355 454 rHuODORI
1375 385 1526 452 Busan
2251 385 2303 447 168

311 577 347 641 in
370 575 432 640 hoc
454 594 561 658 opere,
583 595 644 640 nec
665 573 773 640 animo
790 574 996 660 frangimini:
1019 575 1182 640 Dominus
1199 577 1286 639 enim
1337 575 1499 657 proderet,
1521 595 1616 658 saepe
1637 574 1778 640 Davidis
1806 572 1889 639 illud
1919 573 2126 658 ingeminans
2157 572 2192 636 in
2222 569 2303 636 dolo·

312 659 400 728 hanc
432 659 666 744 rempublicam
699 669 731 724 et
762 660 932 726 ecclesiam
962 659 1122 727 adversus
1144 661 1286 726 hostium
1337 661 1428 725 ribus
1451 661 1519 744 (Ps.
1542 665 1592 737 39,
1615 683 1645 726 v.
1673 663 1736 743 10),
1757 661 1873 738 Tacui,
1895 660 2062 736 Domine,
2086 658 2163 740 quia
2176 659 2178 670 '
2193 656 2301 732 iecisti,

313 747 422 811 minas
444 747 594 812 servabit.
639 743 761 811 Absint
782 746 914 812 avobis
935 745 1086 824 dissidia,
1109 755 1287 829 mutuaque
1338 753 1371 810 et
1392 745 1557 811 interdum
1579 747 1660 812 illud
1672 747 1796 812 Iesaiae
1818 745 1894 832 (Ios.
1920 749 1969 823 38,
1992 765 2024 809 v.
2053 745 2114 822 14),
2127 741 2303 808 Gemebam

313 832 450 898 caritate
478 853 536 897 vos
565 830 824 912 complectimini.
873 831 1022 916 Cogitate
1057 833 1157 897 etiam
1190 839 1288 914 atque
1337 833 1422 896 siout
1444 832 1601 898 columba.
1645 833 1767 898 Audivi
1796 850 1921 915 quoque
1949 851 2051 914 quum
2077 829 2214 895 diceret:
2257 829 2302 893 Tu

313 918 412 983 etiam
434 917 512 1000 quid
535 917 612 982 huic
634 916 788 982 ecclcsiae
809 913 969 996 debeatis,
1002 919 1035 982 in
1059 937 1122 1000 qua
1141 939 1199 984 vos
1221 915 1287 980 Dc
1337 937 1390 982 me
1411 919 1561 998 conteris,
1582 917 1734 998 Domine,
1756 917 1813 982 sed
1836 915 1965 982 abunde
1988 915 2067 980 mihi
2086 915 2206 980 sufficit
2224 913 2302 996 quod

312 1003 423 1068 minus
445 1001 621 1080 collocavit,
644 1023 748 1084 neque
771 1023 829 1067 vos
847 1003 1023 1087 quidquem
1042 1003 1119 1069 hinc
1137 1003 1285 1068 abducat.
1337 1009 1394 1067 tua
1416 1003 1497 1068 haec
1518 1005 1562 1068 sit
1584 1025 1711 1070 manus.
1753 1003 1873 1068 Patere
1895 1001 1981 1067 diem
2004 1011 2037 1066 et
2058 1007 2186 1066 noctem
2208 1000 2303 1083 ipsius

313 1086 377 1155 Sin
398 1088 517 1165 minus,
541 1087 636 1154 facile
657 1088 788 1170 quidem
810 1088 909 1153 fucrit
931 1088 1099 1154 nonnullis
1122 1090 1191 1154 eius
1212 1109 1286 1171 per·
1336 1087 1423 1153 fores
1460 1091 1674 1170 oportuisset,
1704 1089 1732 1153 si
1763 1087 1897 1154 admissi
1931 1087 2071 1153 fuissent
2101 1095 2303 1168 quotcunque

312 1173 411 1239 tsesis
432 1174 524 1256 quasi
545 1194 604 1256 per
625 1172 793 1238 cuniculos
816 1173 969 1239 evadere:
1002 1175 1059 1240 sed
1078 1174 1287 1258 experientur
1337 1173 1434 1239 officii
1451 1195 1550 1240 causa
1571 1175 1665 1239 illum
1687 1173 1778 1239 adire
1796 1174 1986 1256 cupiebant:
2010 1192 2091 1256 quos
2109 1193 2210 1254 quum
2222 1191 2302 1250 voce,

311 1259 361 1324 illi
382 1259 564 1324 Dominum
586 1256 691 1343 decipi
714 1278 781 1323 non
803 1280 907 1341 posse.
951 1257 1227 1343 Quamprimum
1251 1259 1286 1322 in
1337 1268 1375 1323 ιιι
1397 1258 1549 1337 diximus,
1570 1259 1758 1343 praepedita
1780 1259 1973 1342 compellare
1998 1279 2033 1324 se
2055 1277 2122 1321 non
2146 1277 2239 1340 posse
2260 1257 2303 1322 vi·

311 1344 397 1411 hanc
419 1345 533 1410 urbem
556 1346 718 1420 venirem,
751 1344 1013 1410 annuntiabatur
1035 1344 1166 1428 quidem
1187 1365 1286 1410 evan·
1337 1343 1437 1424 deret,
1460 1345 1601 1429 petierat
1621 1357 1659 1411 ut
1681 1345 1902 1429 unusquisque
1931 1344 2037 1426 potius
2064 1364 2123 1426 pro
2145 1345 2214 1427 ipso
2236 1364 2303 1424 pre·

311 1429 448 1514 galium,
476 1429 533 1496 sed
555 1429 855 1512 perturbatissimas
877 1452 929 1497 res
951 1441 1059 1510 erant,
1088 1431 1181 1513 quasi
1202 1429 1286 1495 nihil
1311 1491 1313 1496 ,
1336 1439 1483 1510 caretur,
1517 1453 1614 1514 quam
1647 1429 1687 1496 de
1720 1453 1757 1496 eo
1785 1430 1957 1496 invisendo
1984 1429 2157 1494 laboraret.
2204 1427 2304 1510 Saepe

311 1514 399 1581 aliud
422 1523 508 1582 esset
530 1515 790 1582 christianismus
819 1537 915 1599 quam
947 1524 1130 1582 statuarum
1151 1517 1285 1594 eversio,
1336 1537 1463 1598 quoque
1484 1517 1575 1594 mihi,
1598 1517 1691 1582 cuius
1709 1525 1913 1599 conspectum
1936 1514 2055 1596 alioqui
2076 1534 2241 1596 nunquam
2258 1515 2304 1576 in·

312 1622 373 1668 nec
412 1601 509 1685 pauci
543 1609 639 1666 erant
671 1601 821 1666 scelerati
854 1623 873 1666 a
906 1603 1023 1684 quibus
1056 1601 1286 1686 indignissima
1335 1602 1515 1668 iucundum
1537 1603 1568 1666 ei
1590 1603 1689 1670 luisse
1711 1623 1784 1668 sum
1806 1609 1978 1684 expertus,
2009 1601 2226 1683 significavit,
2248 1599 2304 1664 sibi

309 1687 500 1752 multasum
523 1707 705 1769 perpessus.
742 1685 809 1752 Sed
821 1687 985 1753 Dominus
1002 1686 1285 1753 illeDeusnoster
1335 1688 1528 1771 religionem
1560 1709 1631 1754 esee
1664 1688 1717 1753 vel
1752 1687 1917 1752 tantillum
1960 1687 2189 1767 occupationes
2222 1706 2304 1750 meas

312 1793 375 1850 me,
398 1793 450 1837 me
472 1775 617 1854 inquom,
640 1779 759 1837 natura
776 1771 862 1856 (dico
880 1774 966 1856 quod
991 1795 1045 1838 res
1070 1779 1132 1853 est)
1151 1774 1285 1838 minime
1336 1775 1509 1838 remorari:
1538 1773 1618 1838 adeo
1647 1773 1709 1838 fuit
1730 1773 1786 1838 illc
1809 1773 1964 1854 temporis
1985 1793 2121 1853 parcus,
2150 1771 2237 1854 quod
2258 1791 2304 1836 ec-

312 1857 487 1923 audentem
509 1858 556 1922 ita
577 1859 797 1936 confirmavit,
828 1867 864 1922 ut
886 1859 987 1923 nullis
1008 1858 1138 1922 illorum
1161 1858 1284 1923 conati·
1335 1859 1452 1923 clasiae
1474 1859 1617 1941 impendi
1641 1859 1747 1934 sciret,
1771 1865 1805 1924 et
1822 1861 1854 1922 in
1868 1879 1906 1923 eo
1924 1857 2223 1942 plusetiamaequo
2237 1856 2305 1920 reli·

309 1944 371 2010 bus
403 1943 565 2009 cesserim.
610 1943 797 2026 Argentina
826 1955 937 2026 postea
966 1945 1031 2010 huc
1060 1943 1160 2023 redii,
1189 1965 1285 2010 voca·
1335 1945 1455 2027 giosus,
1478 1966 1520 2009 ne
1543 1944 1664 2010 amicos
1687 1945 1740 2010 vel
1762 1944 1926 2009 tantillum
1951 1952 2114 2028 gravaret.

309 2029 430 2094 donem
460 2027 545 2094 hanc
573 2028 678 2093 invito
708 2029 818 2093 animo
846 2045 1020 2112 sequutus,
1050 2027 1134 2112 quod
1162 2031 1283 2095 infruc-
1420 2029 1473 2094 Ita
1493 2030 1595 2114 igitur
1624 2052 1659 2096 se
1680 2031 1789 2112 ipsum
1819 2038 1851 2095 et
1878 2031 2000 2096 amicos
2027 2029 2198 2094 consolans
2227 2027 2305 2094 vixit

309 2123 403 2180 tuosa
431 2113 514 2178 mihi
540 2113 611 2178 fore
640 2113 816 2180 videretur.
861 2115 1057 2199 ignorabam
1087 2116 1175 2179 enim
1206 2115 1284 2198 quid
1336 2136 1437 2197 usquc
1467 2115 1507 2180 ad
1535 2127 1608 2180 xlx.
1640 2117 1736 2193 Maii,
1767 2135 1831 2198 quo
1861 2115 1914 2180 die
1941 2135 2114 2180 censuram
2144 2115 2305 2178 internos

309 2200 480 2267 statuisset
502 2199 680 2274 Dominus,
711 2209 744 2264 et
771 2221 824 2264 res
846 2209 918 2265 erat
938 2200 1155 2282 plurimarum
1178 2201 1284 2266 maxi-
1334 2201 1505 2266 ministros
1526 2222 1678 2267 exercere
1708 2209 1741 2266 et
1773 2223 1841 2266 una
1867 2200 1973 2267 cibum
2004 2221 2119 2282 capere
2149 2199 2305 2264 amicitiae

309 2305 504 2368 manumque
527 2283 759 2350 difficultatum
781 2285 887 2368 plena.
923 2285 991 2351 Sed
1009 2307 1151 2370 pergens
1169 2285 1204 2351 iu
1223 2287 1284 2352 hoc
1334 2285 1502 2351 testandae
1525 2308 1624 2352 causa
1652 2287 1898 2364 consuevimus,
1930 2286 2026 2352 biduo
2056 2295 2131 2368 post
2159 2285 2306 2352 videlicet

309 2391 408 2456 opere
435 2369 522 2438 sensi
551 2369 685 2434 tandem
714 2393 749 2436 re
778 2373 849 2454 ipsa
871 2373 1050 2436 Dominum
1078 2371 1181 2436 labori
1210 2392 1284 2437 mec
1334 2371 1528 2437 Pentecoste
1561 2381 1593 2436 et
1626 2393 1729 2437 coena
1760 2371 1895 2438 Domini
1928 2372 2125 2454 sequuturis.
2175 2371 2224 2434 llo
2256 2369 2305 2436 die

308 2455 523 2540 benedixisse.
557 2457 709 2521 Perstate
730 2455 832 2540 igitur
849 2465 883 2521 et
900 2477 959 2522 vos
976 2459 1012 2522 in
1025 2458 1086 2522 hac
1104 2458 1283 2537 vocatione,
1334 2458 1436 2540 igitur
1452 2479 1552 2539 quum
1570 2457 1664 2523 nobis
1681 2459 1899 2535 concessisset,
1923 2464 1961 2522 ut
1979 2456 2067 2539 apud
2084 2457 2193 2538 ipsum
2211 2475 2305 2522 coena

308 2543 497 2608 institutum
519 2540 667 2606 ordinem
690 2543 842 2620 retinete,
866 2541 941 2608 date
962 2542 1060 2607 simul
1082 2563 1223 2626 operam,
1248 2553 1284 2608 ut
1336 2544 1516 2608 communis
1538 2545 1770 2620 instrueretur,
1793 2553 1826 2608 et
1848 2564 1865 2607 e
1888 2542 2008 2607 lectulo
2030 2542 2172 2608 collectis
2193 2551 2305 2606 utcun-

308 2628 448 2712 pcpulus
476 2627 511 2691 in
539 2627 695 2710 obsequio
725 2626 891 2692 doctrinae
928 2628 1144 2693 contineatur.
1195 2627 1284 2694 Sunt
1336 2649 1398 2710 que
1425 2629 1550 2694 viribus
1572 2629 1607 2692 in
1640 2629 1825 2711 proximum
1858 2628 2012 2694 conclave
2046 2635 2132 2693 esset
2164 2625 2304 2692 delatus:

309 2715 397 2780 enim
429 2712 582 2778 nonnulli
612 2713 753 2795 improbi
786 2723 820 2777 ct
851 2721 1067 2780 contumaces.
1125 2713 1211 2793 Res,
1245 2723 1284 2778 ut
1335 2715 1554 2792 Postremum,
1577 2715 1691 2797 inquit,
1715 2714 1756 2779 ad
1775 2735 1833 2779 vos
1850 2712 1977 2792 accedo,
1997 2715 2123 2790 iratres,
2142 2733 2305 2795 nunquam

308 2799 436 2876 videtis,
455 2819 520 2863 non
539 2798 625 2864 male
645 2809 721 2863 sunt
739 2799 952 2864 constitutae:
976 2820 1039 2883 quo
1056 2801 1283 2883 magiscoram
1336 2799 1471 2882 posthac
1500 2799 1540 2864 ad
1568 2819 1718 2864 mensam
1746 2799 1972 2876 adoubiturus,
2000 2799 2086 2881 quod
2115 2797 2208 2863 nobis
2235 2799 2306 2864 tris-

308 2886 380 2951 Deo
402 2891 557 2951 nocentes
579 2885 670 2950 eritis
692 2884 722 2948 si
743 2892 854 2950 vestra
881 2883 1015 2968 ignavia
1036 2883 1282 2952 labefactentur.
1336 2885 1484 2950 tissimae
1505 2905 1626 2950 coenae
1648 2885 1780 2950 initium
1807 2885 1878 2950 brit
1923 2885 2082 2967 Concepit
2104 2892 2215 2948 tamen
2237 2906 2306 2967 pre

308 2971 425 3036 resur
445 2990 526 3037 vcro
548 2991 601 3035 me
623 2969 807 3048 vobiscum,
835 2971 967 3044 fratres,
993 2989 1073 3036 vcra
1094 2971 1284 3054 sinceraque
1336 2991 1389 3036 ces
1429 2977 1461 3034 et
1494 2970 1666 3052 paululum
1699 2971 1763 3036 cibi
1796 2972 1937 3053 sumpsit
1968 2989 2118 3036 sermone
2152 2983 2306 3050 quantum

308 3057 445 3122 caritate
478 3055 779 3121 coniunctissimum
807 3055 929 3122 vixisse
958 3064 992 3121 et
1024 3077 1113 3122 nunc
1145 3077 1165 3121 a
1191 3055 1284 3122 vobis
1336 3055 1429 3121 licuit
1462 3056 1548 3120 inter
1580 3055 1784 3121 coenandum
1815 3055 1857 3119 ad
1890 3056 2089 3122 hilaritatem
2122 3055 2305 3138 composito.

309 3141 482 3206 discedere.
524 3139 666 3222 Quodsi
689 3139 818 3223 quando
840 3163 893 3206 me
914 3141 949 3205 in
971 3141 1033 3206 hoc
1050 3141 1163 3208 morbo
1181 3162 1284 3207 morc-
1336 3141 1419 3206 Inde
1441 3161 1542 3208 coena
1563 3141 1710 3206 nondum
1738 3141 1837 3223 plane
1859 3149 1992 3220 exacta,
2022 3162 2123 3225 quum
2150 3141 2185 3204 in
2209 3143 2307 3206 conti-

309 3227 428 3293 siorcm
450 3226 528 3291 estis
551 3226 693 3310 experti,
721 3226 851 3291 veniam
878 3248 898 3290 a
926 3225 1019 3292 vobis
1048 3235 1138 3310 peto,
1171 3235 1206 3292 et
1233 3228 1284 3292 in·
1336 3247 1439 3310 guum
1472 3227 1658 3292 cubiculum
1686 3226 1847 3309 reportari
1881 3249 1916 3293 se
1948 3227 2114 3303 iussisset,
2148 3226 2307 3292 renidenti

309 3319 424 3397 gentes
447 3311 540 3377 vobis
562 3311 684 3396 gratias
706 3331 776 3395 ago,
800 3310 885 3394 quod
914 3319 1103 3396 aegrotante
1125 3333 1178 3377 me
1201 3333 1284 3378 onus
1337 3313 1435 3395 plane
1457 3313 1548 3378 vulto
1571 3321 1698 3378 coetum
1720 3313 1935 3395 compellans:
1959 3313 2075 3380 Parias
2098 3312 2165 3386 hic,
2196 3313 2307 3396 inquit,

308 3397 391 3462 mihi
413 3397 602 3481 impositum
636 3397 869 3463 sustinueritis.
914 3397 1008 3463 Haec
1028 3397 1181 3480 loquutus
1204 3399 1284 3464 dex·
1336 3399 1525 3464 interiectus
1547 3419 1612 3462 non
1634 3398 1791 3483 impediet
1821 3419 1883 3481 quo
1906 3400 2015 3464 minus
2037 3418 2172 3480 corpore
2195 3397 2307 3464 absens

308 3489 395 3548 tram
428 3481 567 3566 singulis
599 3483 754 3564 porrexit.
805 3483 875 3548 Nos
907 3484 1133 3550 moestissimis
1165 3485 1285 3550 animis
1335 3496 1445 3549 vestro
1467 3493 1579 3548 minen
1601 3484 1708 3549 coetui
1730 3484 1850 3566 spiritu
1868 3485 2026 3549 intersim.
2063 3483 2212 3568 Oontigit
2229 3481 2307 3566 quod

310 3589 348 3636 ac
370 3567 505 3634 minime
526 3567 620 3633 siccis
643 3568 746 3634 oculis
764 3566 806 3634 ab
824 3589 862 3634 eo
883 3576 952 3634 tum
976 3567 1193 3635 discessimus.
1336 3569 1560 3654 praedixerat:
1594 3569 1754 3652 siquidem
1787 3569 1828 3634 ab
1861 3591 1898 3636 eo
1932 3570 1984 3635 dis
2017 3570 2153 3652 supinus
2186 3589 2308 3652 semper

395 3665 433 3720 11.
457 3653 539 3720 Maii
572 3675 672 3738 quum
710 3675 753 3719 ex
783 3654 911 3720 Farclli
942 3654 1046 3720 literis
1081 3657 1286 3738 cognovisset
1336 3657 1444 3732 iacuit,
1467 3657 1658 3738 corpusculo
1679 3655 1720 3741 (si
1740 3654 1868 3721 vultum
1879 3677 1996 3738 parum
2008 3655 2184 3720 admodum
2195 3656 2306 3720 immo·

310 3740 462 3824 (Viretus
485 3741 573 3804 enim
595 3739 725 3823 longius
747 3740 887 3824 aberat),
921 3741 1074 3806 statuisse
1102 3741 1197 3805 illum
1218 3741 1285 3806 iam
1337 3749 1441 3806 tatum
1472 3740 1629 3826 excipias)
1660 3743 1707 3806 ita
1734 3741 1891 3806 emaciato
1919 3749 1956 3806 ut
1982 3742 2071 3808 solus
2099 3741 2148 3805 illi
2180 3741 2308 3825 spiritus

310 3826 578 3908 octuagcnarium
607 3833 641 3890 et
662 3825 941 3892 valetudinarium
969 3847 1079 3892 senem
1102 3827 1165 3892 iter
1186 3826 1227 3891 ad
1250 3849 1286 3892 se
1337 3835 1530 3911 superesset.

310 3909 453 3995 ingredi,
477 3913 576 3977 sicci
604 3911 707 3976 latine
736 3913 915 3994 rescripsit:
960 3911 1059 3990 Vale,
1087 3913 1134 3976 mi
1163 3912 1286 3994 optime

310 4007 343 4064 et
365 3997 576 4080 integerrime
597 3997 708 4076 irater,
732 3997 904 4080 etquando
923 3999 1058 4063 theus
1075 3999 1286 4080 superstitem
1423 3995 1487 4062 Die
1505 4018 1569 4080 quo
1588 3995 1735 4072 decessit,
1757 4017 1875 4081 nempe
1894 4008 2009 4064 xxvn.
2032 3999 2131 4077 Maii,
2153 3999 2245 4066 visus
2266 4010 2309 4062 est

310 4103 444 4148 manere
467 4082 539 4148 vult
565 4081 601 4146 in
630 4081 768 4160 mundo,
796 4083 874 4148 vive
903 4103 1027 4148 memor
1056 4095 1188 4149 nostrae
1210 4105 1285 4150 con·
1338 4084 1454 4149 fortius
1481 4091 1515 4149 et
1544 4083 1671 4147 minore
1701 4082 1891 4150 difficultate
1921 4085 2018 4167 loqui.
2064 4083 2132 4150 Sed
2162 4085 2216 4150 hic
2243 4097 2307 4149 erat

311 4168 498 4245 iunctionis,
521 4189 603 4251 quae
626 4177 664 4233 ut
686 4168 840 4234 ecclesiae
863 4169 926 4232 Dei
948 4167 1013 4234 fuit
1035 4168 1135 4246 utilis,
1158 4171 1205 4234 ita
1227 4191 1286 4235 nos
1338 4179 1503 4236 extremus
1535 4177 1673 4234 naturae
1708 4177 1852 4235 conatus.
1904 4171 1991 4236 Nam
2028 4171 2158 4253 vesperi
2185 4170 2308 4236 circiter

312 4255 383 4320 eius
410 4255 536 4319 tructus
563 4255 599 4319 in
626 4254 714 4321 coelo
743 4261 863 4320 manet.
907 4254 990 4320 Nolo
1019 4261 1052 4320 te
1073 4256 1191 4339 fatiges
1213 4276 1287 4320 mea
1337 4264 1485 4324 octavam
1508 4263 1643 4338 repente
1654 4257 1836 4337 praesentis
1858 4257 1973 4322 mortis
1995 4263 2084 4320 certa
2101 4257 2198 4340 signa
2216 4276 2307 4340 appo·

311 4360 418 4407 causa.
463 4341 573 4422 Aegre
594 4341 746 4424 spiritum
775 4340 870 4404 traho
899 4347 933 4404 ct
961 4339 1090 4406 assidue
1123 4349 1285 4423 exspecto,
1338 4349 1490 4408 ruerunt:
1526 4341 1610 4423 quod
1642 4361 1744 4424 quum
1773 4341 1855 4406 mihi
1884 4341 1982 4424 paulo
2012 4351 2089 4406 onte
2111 4343 2151 4406 ab
2173 4342 2244 4424 ipso
2265 4340 2307 4404 di·

312 4425 390 4490 dum
412 4445 465 4490 me
488 4425 653 4490 anhelitus
675 4425 811 4492 deficiat.
858 4423 947 4492 Satis
974 4426 1131 4510 estquod
1155 4426 1287 4492 Christo
1337 4449 1449 4512 gresso
1472 4435 1505 4492 et
1526 4425 1654 4491 cuidam
1677 4425 1733 4490 alii
1754 4448 1795 4492 ex
1816 4427 1970 4492 fratribus
1988 4434 2074 4492 esset
2092 4449 2111 4492 a
2129 4427 2308 4492 domesticis

313 4512 389 4576 vivo
411 4519 446 4576 st
465 4510 594 4591 morior,
617 4513 671 4594 qui
694 4511 763 4576 suis
785 4511 913 4576 lucrum
934 4520 984 4578 cst
1005 4513 1039 4577 in
1051 4514 1119 4578 vita
1129 4521 1162 4578 et
1172 4522 1285 4578 morte.
1338 4513 1573 4598 significatum,
1596 4513 1746 4594 protinus
1768 4532 1942 4578 accurrens
1964 4512 2059 4578 illum
2081 4515 2190 4595 reperi
2212 4531 2307 4594 usque

313 4597 440 4662 Iterum
453 4597 527 4661 vale
545 4597 802 4663 cumfratribus.
826 4597 982 4663 Genavae
993 4608 1028 4662 11.
1040 4599 1121 4663 Maii
1132 4609 1285 4664 MDLXIV.
1338 4599 1418 4664 adeo
1441 4597 1617 4681 tranquille
1639 4609 1822 4678 mortuum,
1850 4599 2004 4682 nulloque
2026 4597 2146 4682 pedum
2169 4599 2224 4666 vel
2245 4619 2307 4662 ma·

312 4683 417 4748 Venit
438 4691 549 4747 tamen
573 4683 744 4749 Genevam
766 4681 870 4749 bonus
897 4683 955 4748 illc
977 4705 1096 4762 senex,
1125 4693 1158 4748 et
1186 4705 1286 4767 quum
1338 4705 1442 4750 nuum
1465 4705 1631 4760 concussu,
1654 4691 1694 4748 ut
1714 4705 1820 4768 neque
1841 4685 2026 4768 graviorem
2044 4684 2198 4767 spiritum
2218 4695 2309 4749 antea

314 4789 381 4834 una
411 4769 498 4834 inter
530 4789 564 4833 se
597 4768 723 4852 loquuti
755 4776 865 4835 essent
896 4768 1051 4852 postridie
1085 4769 1288 4835 Ncocomum
1339 4771 1479 4850 duxerit,
1500 4791 1607 4852 neque
1628 4789 1726 4834 sensu
1748 4779 1782 4836 et
1802 4769 1932 4848 iudicio,
1955 4772 2020 4835 imo
2038 4791 2171 4836 nevoce
2184 4769 2308 4853 quidem

313 4853 420 4921 rediit.
1338 4857 1470 4940 penitus
1492 4855 1533 4920 ad
1555 4864 1740 4920 extremum
1762 4877 1865 4940 usque
1897 4857 2036 4922 halitum
2058 4856 2158 4922 fuerit
2177 4855 2307 4922 destitu-

401 4939 558 5022 Reliquos
591 4938 633 5006 ad
667 4938 791 5004 obitum
824 4961 927 5023 usque
957 4939 1024 5006 dies
1056 4941 1092 5006 in
1121 4942 1289 5026 perpetuis
1339 4952 1402 5018 tue,
1426 4949 1459 5006 et
1481 4941 1654 5006 dormienti
1676 4963 1773 5024 quam
1795 4950 1924 5008 mortuo
1945 4943 2050 5008 multo
2068 4942 2206 5008 similior
2223 4941 2307 5006 vide·

315 5047 417 5109 paene
447 5025 598 5108 precibus
631 5027 846 5109 consumpsit,
879 5045 960 5092 voce
992 5025 1124 5108 quidem
1156 5035 1290 5113 propter
1339 5035 1439 5093 retur.
1485 5025 1541 5094 Sic
1561 5029 1662 5109 igitur
1684 5048 1721 5092 co
1744 5027 1797 5092 dis
1825 5051 1897 5094 cum
1929 5027 2096 5094 occidente
2118 5029 2185 5094 sole
2206 5027 2307 5110 splen·

316 5112 445 5177 asthma
466 5112 658 5194 suspiriosa,
687 5113 744 5178 sed
770 5111 873 5177 ceolis
902 5111 1013 5195 quales
1041 5113 1079 5176 ad
1104 5121 1288 5179 extremum
1340 5113 1417 5178 dida
1449 5113 1547 5178 etiam
1580 5114 1661 5180 haec
1693 5115 1751 5178 lux
1784 5113 1877 5179 nobis
1910 5123 2023 5198 erepta
2044 5123 2104 5180 est.
2150 5115 2309 5198 Sequente

316 5219 420 5280 usqne
442 5197 529 5263 clare
550 5198 709 5264 micantes
730 5197 845 5264 habuit
866 5197 901 5262 in
923 5199 1049 5264 coelum
1071 5199 1221 5279 sublatis,
1255 5207 1289 5264 et
1340 5207 1435 5265 nocte
1458 5221 1496 5266 oc
1517 5208 1647 5282 postero
1669 5199 1721 5264 die
1743 5199 1779 5264 in
1801 5201 1883 5265 urbe
1916 5209 1985 5266 tota
2006 5201 2123 5286 ingens
2145 5201 2208 5266 luit
2228 5219 2308 5266 oom-

316 5283 364 5348 ita
384 5284 561 5366 composito
583 5285 693 5364 vultu,
727 5291 766 5348 ut
787 5304 858 5350 sese
879 5286 1042 5368 precantis
1065 5285 1162 5352 ardor
1183 5293 1288 5351 totum
1340 5287 1486 5368 ploratio.
1538 5286 1738 5370 Requirsbat
1765 5288 1853 5352 anim
1879 5287 2035 5354 universa
2063 5287 2180 5354 civitas
2211 5284 2258 5372 [D
2275 5279 2307 5367 4]
